2384 3886
346 225 473 281 38⁰

378 480 480 541 II.
535 479 651 540 De
704 481 1142 541 reditibus
1196 484 1502 541 aerari
1547 480 1884 560 publici
1935 486 2235 541 eoetra-

1047 582 1566 643 ordinariis

1199 800 1242 876 ς
1288 802 1427 858 187.

390 966 610 1015 Nomen
649 965 945 1017 collectae
986 968 1293 1017 notionem
1334 981 1571 1031 quoque
1611 966 1896 1042 subsidii,
1939 973 2002 1016 ut
2038 964 2214 1016 hodie

978 1052 1303 1117 loquimur,
1347 1051 1635 1117 continet.

523 1214 791 1278 Collecta
825 1215 986 1300 stylo
1028 1213 1158 1278 aevi
1195 1214 1370 1280 medii
1413 1215 1820 1293 multifariam,
1878 1226 1939 1278 et
1971 1238 2080 1303 pro
2119 1212 2268 1277 ordi-

346 1299 513 1363 naria
545 1300 700 1363 enim
727 1300 935 1364 tributi
967 1300 1195 1388 specie,
1257 1314 1318 1365 et
1354 1324 1462 1388 pro
1508 1325 1619 1388 ope
1660 1300 2088 1389 accipiebatur,
2122 1322 2273 1386 quae

349 1386 511 1473 exigi
557 1410 664 1474 per
705 1389 939 1473 RegeS,
995 1386 1110 1449 nisi
1157 1411 1232 1451 ex
1273 1386 1511 1451 decreto
1563 1386 1781 1476 publici
1836 1386 2014 1473 regni
2063 1384 2274 1449 Consi-

344 1473 439 1547 lii,
475 1475 614 1559 jure
653 1497 774 1537 non
805 1485 1099 1560 poterant.
1126 1480 1172 1553 1)
1214 1472 1548 1537 Posteriori
1588 1473 1933 1560 significatu
1981 1471 2095 1536 hoc
2141 1494 2273 1534 cum

344 1558 514 1636 talia,
535 1565 585 1639 2)
631 1559 797 1623 lucro
829 1562 1117 1623 Gamerae
1153 1559 1444 1623 latissime
1480 1571 1756 1647 accepte,
1779 1566 1830 1640 3)
1876 1556 2274 1645 vectigalibus

488 1801 534 1874 1)
582 1805 723 1858 Gonf.
759 1806 830 1856 lit.
867 1806 1087 1872 Gregorii
1118 1807 1201 1857 IX.
1235 1806 1326 1857 PP.
1362 1807 1422 1858 ad
1453 1808 1574 1858 And.
1609 1808 1670 1858 ΙΙ.
1706 1806 1894 1857 Katona
1932 1805 1994 1855 H.
2029 1805 2087 1855 G.
2127 1804 2185 1854 T.
2217 1805 2271 1854 V.

351 1908 400 1956 p.
439 1887 578 1942 737.

484 1990 534 2059 2)
580 1992 637 2041 In
675 1992 747 2042 lit.
789 1993 934 2042 Belae
966 1993 1050 2043 III.
1083 1993 1133 2043 b.
1166 1993 1311 2044 Petro
1344 1993 1665 2059 Quinqueecl.
1701 1993 1826 2044 datis
1861 1991 2168 2054 „Collectam
2199 1989 2275 2040 vel

352 2077 534 2127 talliam
559 2073 613 2146 (a
633 2077 803 2142 gallico
825 2077 980 2146 tailla]
1011 2079 1062 2128 in
1093 2094 1244 2143 regno
1275 2085 1447 2129 nostro
1479 2095 1586 2144 pro
1619 2086 1888 2144 tempore
1919 2082 2271 2142 emergentem,

349 2178 442 2213 nec
461 2162 622 2223 nobiS‚
656 2178 749 2212 nec
775 2164 958 2212 nostris
977 2163 1252 2214 Beronibus
1278 2164 1466 2214 solvere
1496 2167 1814 2215 teneantur.“
1847 2162 1904 2214 In
1929 2162 2002 2212 lit.
2027 2162 2172 2212 Belae
2191 2161 2268 2212 lv.

353 2248 441 2308 „in
479 2248 708 2298 homines
746 2248 966 2298 Eclesiae
1005 2249 1176 2309 talliis,
1217 2249 1435 2300 collectis
1467 2256 1517 2300 et
1545 2250 1650 2300 aliis
1681 2247 2016 2300 exactionibus
2046 2247 2272 2298 saeviit.“
2317 2271 2320 2272 ⁷
2375 2273 2383 2281 -=

350 2334 486 2384 Idem
524 2334 635 2384 alibi
681 2331 784 2404 (IV.
823 2331 877 2384 3.
920 2351 971 2400 p.
1008 2330 1159 2404 333)
1202 2335 1422 2397 „nullius
1464 2335 1757 2395 exactionis,
1796 2334 2001 2385 talliae
2041 2349 2130 2384 seu
2166 2332 2276 2382 col-

352 2420 546 2469 lectae“
581 2426 675 2470 cet.
706 2420 903 2481 Confer,
940 2436 1064 2486 quae
1096 2421 1424 2487 Spelmannus
1456 2421 1516 2471 de
1545 2420 1792 2487 tallagio
1824 2427 1880 2471 et
1909 2419 2076 2472 tallia
2104 2418 2277 2470 erudi-

354 2506 568 2568 tissime,
602 2512 810 2571 apteque
842 2506 902 2556 ad
933 2521 1039 2557 rem
1071 2507 1214 2558 etiam
1247 2514 1468 2557 nostram
1501 2507 1714 2558 disserit.

484 2602 536 2676 3)
581 2607 799 2657 Andreas
831 2607 922 2670 IL,
964 2608 1110 2659 verba
1141 2615 1380 2673 concepta
1409 2607 1682 2659 Juramenti
1714 2608 1774 2658 de
1803 2605 2110 2657 immunitate
2145 2604 2272 2655 Cleri

351 2708 396 2742 a.
436 2689 594 2744 1233
629 2693 763 2758 quod
793 2701 1176 2759 nuncupaverat,
1213 2694 1466 2760 sequentia
1500 2694 1697 2756 „nullas
1727 2693 1975 2754 collectaS,
2009 2697 2059 2742 et
2086 2691 2274 2742 nullum

351 2778 543 2828 lucrum
591 2779 934 2843 imponemuS,
988 2780 1062 2830 vel
1106 2780 1469 2846 recipiemusa
1507 2779 1739 2830 clericis“
1781 2778 2132 2843 interpretatur
2167 2776 2274 2842 ipse

353 2861 601 2933 (Suplem.
651 2865 711 2914 ad
763 2871 884 2914 vest.
935 2865 1076 2915 Gom.
1119 2866 1176 2915 T.
1210 2866 1248 2916 1.
1292 2882 1343 2931 p.
1384 2863 1485 2927 16,
1522 2861 1631 2935 27)
1670 2866 1804 2916 hune
1842 2864 1894 2915 in
1933 2878 2162 2914 sensum:
2210 2876 2274 2911 ne

354 2949 634 3000 exactiones
665 2950 852 3015 aliquae
883 2951 958 3000 vel
987 2951 1221 3002 collectae
1261 2966 1614 3016 quacunque
1654 2949 1977 3002 oc‘casione
2011 2948 2071 2999 iis
2107 2948 2275 3013 impo-

354 3042 548 3085 nantur.
598 3036 717 3085 Tam
756 3035 850 3084 late
890 3042 1024 3100 patet
1060 3037 1348 3086 vocabulum
1380 3036 1502 3086 lucri
1544 3037 1776 3086 Gamerae
1815 3035 1865 3085 in
1896 3035 2047 3085 altero
2075 3046 2274 3100 quoque
2304 3047 2306 3049 ’

355 3120 460 3186 ejus
483 3121 742 3186 'privilegio
776 3121 834 3170 do
867 3137 910 3170 a.
951 3117 1111 3171 1234
1145 3119 1271 3191 (VII.
1310 3118 1364 3171 5.
1406 3122 1462 3187 p.
1494 3115 1645 3192 245)
1679 3121 1738 3171 ab
1771 3120 1928 3171 omni
1958 3120 2156 3186 penitus
2187 3133 2275 3168 so-

357 3207 542 3256 lutione
575 3207 835 3267 collectae,
879 3222 1001 3271 quae
1032 3207 1220 3257 lucrum
1257 3207 1490 3257 Gamerae
1523 3207 1594 3258 vel
1631 3213 1858 3258 monetae
1897 3206 2091 3256 dicitur.
2138 3204 2271 3254 Idem
2347 3188 2384 3252 3³²

358 3292 406 3341 in
442 3293 564 3357 priv.
593 3293 770 3342 Saxon.
799 3293 1019 3358 Transyl.
1046 3308 1226 3342 nomen
1257 3294 1379 3343 lucri
1411 3293 1645 3344 Gamerae
1676 3292 1820 3348 etiam
1852 3307 1944 3358 pro
1975 3307 2158 3342 censu
2187 3304 2275 3339 ac·
2310 3281 2312 3283 ’
2354 3276 2384 3352 ,J

357 3377 492 3441 cipit.
533 3379 586 3427 In
617 3378 738 3444 priv.
773 3378 935 3428 EcleS.
971 3378 1117 3444 Strig.
1152 3379 1377 3444 superius
1409 3379 1555 3430 citato
1586 3379 1777 3430 lucrum
1811 3378 2044 3430 Gamerae
2077 3372 2270 3442 „quod

359 3464 834 3528 quandocunque
877 3480 1055 3529 super
1091 3465 1348 3529 populos
1399 3465 1653 3516 omnium
1704 3463 2149 3529 regnicolarum
2193 3458 2273 3511 di-
2350 3503 2352 3510 .

359 3553 590 3598 caretur“
624 3549 805 3599 diserte
836 3548 1172 3599 subsidium
1206 3550 1462 3614 significat.
