2384 3886
403 194 485 249 62

404 348 718 414 quercum,
783 337 843 387 et
890 324 1194 409 platanum
1248 323 1540 399 Socratis,
1588 342 1839 407 quarum
1876 321 2147 384 umbram
2184 322 2340 408 sapi-

403 410 699 475 entissimi
755 407 1085 483 Graeciae,
1161 410 1504 493 Romaeque
1560 405 1785 469 veteris
1841 404 1954 467 viri
1980 405 2070 470 >de
2118 406 2340 493 optimo

402 508 566 559 statu
603 494 690 557 rei
727 492 1018 580 publicae,
1076 490 1333 578 huicque
1384 492 1694 579 proposita
1728 491 1908 554 beata
1955 489 2172 553 civium
2196 490 2343 554 .vita

404 580 774 643 disserentes
816 577 1240 662 sequebantur.
1277 574 1412 641 His
1451 601 1587 662 ego,
1642 600 1718 638 ne
1761 575 1856 638 vel
1890 573 2006 638 hoc
2038 574 2342 652 reticeam,

401 663 747 726 auctoribus
783 669 949 742 (nam
977 662 1347 724 recentiores
1377 662 1647 747 plerique
1670 661 1732 722 in
1763 659 2066 722 diversum
2093 660 2342 739 abeunt)

399 771 518 810 non
552 747 821 831 origines
859 746 1054 822 modo,
1103 745 1428 830 civilesque
1468 768 1671 808 rerum
1712 757 2055 807 nostrarum
2095 767 2341 807 conver-

398 831 621 908 siones,
667 831 998 916 harumque
1024 853 1261 906 causas,
1308 853 1535 906 verum,
1583 852 1699 915 qua
1754 828 2012 904 licuerit,
2058 827 2343 891 Archite-

399 928 531 979 ctos
575 916 752 979 etiam
782 915 1107 1000 fabrusque
1132 914 1423 990 indicato,
1471 913 1572 999 qui
1627 914 1689 974 in
1727 912 2068 989 condenda,
2115 924 2343 975 autre-

399 999 836 1076 concinnanda,
898 1022 1015 1084 qua
1060 999 1357 1061 labefacta
1406 1011 1529 1073 est,
1592 996 2034 1082 excolendaque
2083 996 2344 1059 Civitate

398 1083 737 1169 hungarica
784 1084 1188 1146 elaborarunt.
1262 1085 1484 1165 Neque
1537 1081 1691 1143 enim
1740 1080 1813 1143 de
1859 1083 2051 1144 Roma
2112 1092 2342 1158 vetere,

399 1191 576 1254 quam
615 1168 933 1252 Hungaria
959 1166 1160 1228 verius
1189 1173 1284 1228 est
1316 1165 1515 1227 dicere
1562 1164 1679 1241 „ob
1711 1163 1874 1227 banc*
1899 1187 2142 1227 causam
2171 1188 2342 1252 prae-
2382 1203 2384 1206 <

397 1265 561 1315 stare
606 1264 852 1314 nostrae
890 1250 1170 1312 Civitatis
1208 1262 1435 1312 statum
1477 1248 1696 1312 ceteris
1735 1249 2097 1312 Civitatibus
2121 1299 2136 1327 ,
2183 1249 2340 1336 quod

396 1335 458 1397 in
498 1336 618 1397 illis
658 1335 885 1420 singuli
917 1334 1178 1397 fuissent
1215 1335 1375 1411 fere,
1436 1334 1536 1419 qui
1581 1356 1753 1396 suam
1788 1334 2042 1420 quisque
2077 1357 2204 1398 rem
2236 1358 2342 1421 pu-

394 1419 612 1481 blicam
644 1418 1109 1482 constituissent
1137 1419 1399 1504 legibus,
1447 1432 1626 1504 atque
1650 1418 1947 1481 institutis
1985 1419 2143 1492 suis3
2203 1442 2341 1483 nos-

397 1517 494 1566 tra
533 1516 731 1566 autem
768 1527 928 1589 resp.
978 1526 1098 1566 non
1135 1503 1314 1565 unius
1358 1516 1526 1565 esset
1556 1503 1823 1588 ingenio,
1867 1502 1974 1566 sed
2002 1503 2341 1581 multorum,

398 1611 510 1650 nec
539 1611 659 1650 una
699 1587 958 1650 hominis
1004 1589 1155 1663 vita,
1222 1588 1329 1650 sed
1369 1588 1595 1672 aliquot
1638 1587 1968 1651 constituta
2009 1588 2232 1650 seculis
2284 1600 2343 1651 et

399 1671 760 1734 aetatibuS.“
813 1678 866 1750 4)
905 1675 1098 1734 Juxta
1131 1693 1263 1733 cum
1302 1671 1422 1741 illis
1462 1670 1606 1733 mihi
1642 1671 1784 1734 item
1816 1671 1888 1735 de
1918 1695 2121 1735 rerum
2149 1673 2341 1759 publi-

401 1779 605 1818 carum
631 1767 848 1818 natura
865 1754 1226 1833 Historiam,
1260 1755 1455 1841 qualis
1486 1755 1636 1819 haec
1661 1778 1770 1843 per
1797 1779 1866 1819 se
1897 1769 2012 1833 est,
2047 1780 2168 1820 non
2200 1781 2341 1844 qua-

400 1841 516 1903 lem
576 1840 1014 1927 Compilatores
1055 1840 1118 1901 in
1156 1840 1250 1902 sui
1297 1840 1552 1927 quisque
1613 1840 1983 1927 systematis
2041 1865 2217 1904 usum
2260 1843 2341 1905 ef-

399 1925 722 2002 finxerunt,
753 1924 1089 1987 Historiam
1111 1923 1387 1987 nimirum
1410 1928 1672 1988 Matrem
1705 1924 1868 1988 illam
1897 1925 2194 2005 veritatiS,
2225 1950 2344 1991 non

399 2008 556 2071 hanc
609 2009 883 2094 gerulam
912 2009 1197 2071 infantiae
1233 2008 1494 2071 omnium
1515 2009 1857 2096 opinionum
1895 2010 2170 2073 ancillam
2205 2034 2343 2075 con-

399 2094 641 2170 sulenti,
682 2092 802 2155 vita
832 2093 1187 2180 populorum
1223 2093 1475 2180 proinde
1519 2116 1590 2156 ac
1625 2093 2002 2180 singulorum
2039 2092 2343 2159 hominum

398 2177 651 2254 virtute,
697 2200 892 2263 neque
930 2200 1000 2240 ea
1061 2190 1327 2255 tantum,
1374 2177 1462 2242 uti
1507 2178 1954 2265 sapientissime
1970 2180 2342 2245 Aristoteles

397 2274 626 2339 monet,
693 2267 745 2342 ⁵)
785 2284 962 2348 quam
1002 2260 1410 2326 fortitudinem
1452 2262 1734 2340 dicimus,
1795 2263 1902 2327 sed
1941 2263 2056 2327 hac
2087 2265 2342 2334 maxime

399 2346 759 2424 continetur,
801 2369 953 2431 quae
985 2345 1046 2408 in
1063 2346 1321 2432 justitia,
1371 2348 1886 2435 temperantiaque
1919 2349 2038 2426 sita
2064 2363 2177 2429 est,
2211 2350 2342 2414 sine

399 2429 616 2514 quihus
667 2454 778 2494 nec
837 2431 1174 2495 Concordia
1222 2431 1515 2510 existere,
1560 2431 1778 2496 nedum
1810 2433 2048 2521 publica
2086 2435 2342 2522 cogitari

398 2515 771 2601 prosperitas
804 2527 1023 2602 potest.

529 2697 581 2756 4)
629 2696 733 2747 Cic.
769 2698 829 2748 de
859 2699 986 2766 Rep.
1019 2701 1082 2751 Π.
1124 2700 1176 2751 1.

483 2860 508 2911 1
523 2781 771 2913 ἒοόὶνίεῑ.
812 2783 1131 2836 Politicorum
1173 2787 1307 2837 Libri
1347 2798 1562 2853 superst.
1597 2789 1712 2839 edit.
1747 2769 1963 2839 Francos
1970 2826 1982 2839 .
2019 2790 2079 2839 ad
2108 2790 2336 2845 viadrum

398 2878 441 2911 a.
675 2865 759 2915 lib.
793 2867 893 2916 Vll.

1267 3063 1309 3139 ς
1355 3067 1455 3123 60.

852 3214 1101 3262 maxime
1143 3216 1510 3266 accomodus
1547 3217 1712 3268 visus
1750 3226 1858 3269 est.

441 3437 453 3449 .
489 3438 501 3450 .
570 3356 803 3452 Scripsi
838 3359 1021 3422 latine
1058 3358 1404 3447 hungarus,
1453 3385 1570 3426 non
1606 3363 1806 3451 prisco
1843 3364 2046 3452 gentis
2084 3377 2330 3430 nostrae

398 3450 568 3500 vitio:
623 3443 852 3504 incuria
901 3442 1194 3509 idiomatis
1235 3446 1440 3532 patrii3
1495 3448 1633 3511 licet
1674 3448 1819 3526 hoc,
1865 3462 1932 3513 ut
1981 3450 2040 3512 in
2094 3451 2330 3515 Oratio-
