2384 3886
418 179 539 237 160

1283 364 1326 441 §
1367 365 1467 424 52.

475 536 603 570 nam
636 517 701 570 e'o
732 531 919 583 puero
951 515 1257 568 Primores
1288 516 1717 582 rempublicam
1747 515 2274 582 administrabant3

585 665 1016 731 Communitate
1041 665 1238 752 itaque
1263 664 1336 728 ad
1365 665 1689 741 communis
1719 663 2030 728 consilium
2053 664 2326 763 colloquii

414 765 768 831 convocata,
815 765 1090 816 auctores
1122 750 1259 814 huic
1309 751 1577 828 fuerunt,
1632 748 2037 836 eligendorum
2074 749 2328 836 plurium

413 845 820 917 Rectorum‚
868 837 964 925 qui
993 837 1245 912 interea,
1280 835 1416 898 dum
1445 837 1557 899 flos
1587 835 1787 924 populi
1814 835 1966 899 bello
1998 834 2167 899 daret
2191 859 2329 924 ope-

412 950 569 1004 ram,
603 925 756 989 domi
785 924 896 987 sub
926 927 1094 986 Duce
1121 921 1243 1008 juri
1273 919 1570 984 reddendo
1604 933 1982 1008 praeessent,
2029 934 2329 988 curarent-

414 1037 556 1099 que,
594 1024 660 1074 ut
691 1010 923 1097 justitia
948 1021 1007 1071 et
1045 1006 1339 1092 aequitate
1363 1006 1615 1093 populus
1640 1006 1700 1068 in
1722 1006 1914 1070 officio
1943 1006 2329 1071 contineatur.

413 1102 569 1161 ltum
603 1081 809 1160 deinde
844 1107 938 1158 est
971 1092 1044 1155 ad
1085 1090 1432 1177 deligendos
1470 1094 1771 1155 Ductores
1801 1089 2130 1173 exercitus,
2177 1092 2331 1180 quod

412 1182 714 1271 proprium
767 1202 1002 1267 semper
1053 1189 1181 1241 erat
1215 1176 1668 1242 Communitatis
1714 1177 2050 1264 negotium,
2097 1178 2328 1265 quoties

412 1267 711 1332 universis
749 1269 878 1352 ejus
907 1263 1135 1327 viribus
1172 1275 1335 1326 esset
1370 1287 1535 1351 opus.
1593 1265 1854 1327 Causam
1878 1266 2110 1350 justam
2139 1286 2328 1351 neque

411 1355 649 1419 fortuna
693 1350 996 1424 destituit3
1042 1350 1155 1412 hac
1193 1348 1347 1412 enim
1386 1349 1626 1428 comite,
1668 1348 1846 1413 victis
1891 1349 2171 1425 Bavaris3
2218 1353 2330 1414 Sa-

411 1439 589 1505 xonia
629 1438 868 1515 deinde,
932 1435 1273 1521 Thuringia
1313 1434 1785 1522 Alemanniaque
1822 1435 2160 1511 devastata-3
2191 1438 2329 1500 ‘Lu-

412 1525 657 1590 dovicus
711 1524 784 1587 ad
839 1526 1187 1609 Augustam
1240 1519 1687 1585 Vindelicorum
1719 1519 1845 1583 dira
1881 1522 2130 1585 affectus
2166 1521 2330 1586 clade

412 1612 482 1677 ad
515 1609 912 1675 redimendam
944 1619 1260 1696 praesente
1289 1607 1570 1693 pecunia,
1617 1618 1906 1694 pactoque
1939 1607 2192 1685 tribute,
2221 1631 2329 1696 pa-

411 1722 539 1763 cem
582 1696 844 1760 adactus.
899 1698 1118 1780 Neque
1146 1716 1216 1756 eo
1251 1691 1466 1771 minus,
1504 1716 1636 1755 cum
1661 1691 1735 1756 ab
1759 1691 1870 1755 hoc
1894 1691 2176 1758 solvendo
2202 1715 2330 1756 ces-

408 1797 607 1847 satum
662 1795 857 1860 esset,
918 1792 1148 1867 postea.
1175 1778 1386 1855 etiam,
1445 1802 1620 1866 quam
1666 1778 1978 1842 Conradus
2021 1779 2172 1843 suffr
2257 1779 2330 1842 iis

411 1869 700 1935 Ordinum
741 1866 1095 1932 Germaniae
1141 1869 1271 1929 Rex
1313 1864 1535 1928 electus
1573 1864 1818 1942 fuisset,
1863 1863 1972 1928 hac
2002 1803 2330 1929 4(Ιίεοοὶιᾘίἰε

409 1955 711 2019 intestinis
759 1953 1076 2029 distracta,
1136 1974 1365 2014 annuae
1411 1950 1472 2013 in
1504 1950 1851 2029 Bavariam,
1895 1950 2331 2030 Alemanniam,

410 2040 836 2127 Thur-ingiam,
883 2036 1237 2114 Saxoniam‚
1283 2036 1583 2100 Alsatiam
1632 2049 1691 2100 et
1731 2035 2189 2125 Lotharingiam
2232 2062 2331 2103 ex-

414 2126 721 2190 cursiones
754 2137 1070 2212 susceptae
1104 2135 1261 2186 sunt.

547 2317 590 2377 1)
635 2313 865 2364 Vocabuli
896 2313 1242 2373 Remorum,
1278 2327 1375 2377 quo
1405 2310 1634 2361 Notarius
1663 2311 1720 2360 Β.
1743 2311 1801 2361 R.
1835 2310 2004 2371 utitur,
2037 2311 2329 2363 sententiam

408 2417 498 2468 per
535 2416 648 2451 eum
690 2399 966 2464 explicitam
1006 2399 1263 2448 confirmat
1306 2397 1432 2447 Priv.
1466 2412 1603 2447 mon.
1646 2397 1705 2447 de
1743 2395 1852 2446 Zala
1882 2392 1951 2445 vad
1993 2411 2038 2447 a.
2077 2393 2230 2448 1091
2277 2398 2328 2448 in

406 2487 566 2537 verbis
599 2501 700 2548 „ne
727 2500 818 2550 per
841 2484 1118 2550 praedictos
1146 2483 1419 2543 sudines,
1453 2483 1724 2533 Comites
1757 2498 1859 2532 seu
1889 2482 2176 2532 Rectores
2208 2483 2330 2533 Co-

407 2573 722 2623 mitatuum
753 2578 802 2620 et
832 2570 1146 2620 collectarum
1178 2576 1430 2620 exactores
1454 2575 1548 2619 cet.
1581 2568 1707 2618 Priv.
1733 2568 1848 2618 item
1875 2567 2046 2633 Steph.
2067 2569 2121 2618 V.
2152 2568 2325 2620 Abbat.

409 2659 459 2709 S.
493 2659 633 2708 Mart.
669 2658 729 2707 de
759 2662 926 2706 monte
956 2656 1074 2706 Pan.
1107 2671 1152 2705 a.
1180 2653 1337 2706 1270
1373 2655 1539 2705 datum
1572 2670 1703 2717 „nec
1730 2670 1820 2719 per
1845 2653 2122 2719 praedictos
2142 2669 2329 2705 eorun-

407 2745 519 2794 dem
539 2743 857 2793 comitatuum
888 2736 1166 2803 udices,
1200 2741 1452 2791 comites
1484 2756 1572 2791 seu
1603 2741 1891 2790 Rectores
1923 2746 1972 2789 et
2001 2739 2326 2791 Collectarum
2380 2743 2384 2746 “

405 2831 718 2880 exactoreS.“
749 2827 864 2877 Bela
894 2828 971 2877 IV.
1004 2827 1322 2876 Laurentium
1351 2827 1574 2877 Judicem
1607 2826 1768 2876 curiae
1798 2825 2001 2891 Regiae,
2032 2825 2178 2876 Aulae
2209 2841 2326 2877 suae

404 2915 626 2966 Judicem
657 2920 706 2963 et
734 2912 1052 2963 Rectorem
1083 2912 1308 2977 appellat.
2121 2911 2128 2917 '

1275 3107 1316 3184 §
1361 3113 1461 3169 53.

535 3272 673 3332 post
713 3262 810 3314 ubi
849 3261 1236 3324 adolevisset,
1263 3243 1445 3314 manu
1490 3262 1693 3326 etiam,
1736 3261 2036 3330 Marteque
2075 3276 2177 3314 suo

455 3496 457 3498 Ι
576 3417 799 3476 Verum
846 3409 983 3490 has,
1037 3409 1306 3498 bellaque
1352 3435 1458 3500 per
1497 3414 1818 3477 Zoltanum
1857 3424 2097 3500 postea,
2146 3431 2319 3498 quam

406 3494 787 3576 adolevisset,
835 3498 963 3563 sine
996 3497 1329 3562 cessatione
1362 3511 1567 3584 gesta,
1613 3499 1768 3586 quod
1806 3496 2144 3585 domesticis
2189 3518 2319 3584 pro-
