2384 3886
415 205 538 261 336
568 251 576 256 ,

1258 447 1299 524 ,ς
1345 450 1482 508 136.

750 614 828 664 De
870 614 999 664 foro
1042 614 1365 666 Curialium
1420 615 1713 666 Comitum
1756 615 1975 665 Castri.

578 777 799 855 Castri,
823 777 1079 864 inquam,
1104 791 1170 841 ut
1191 779 1485 865 extemplo
1506 778 1831 863 intelligaS‚
1864 778 1934 841 de
1946 776 2323 841 Vice-Comi-

404 863 566 925 tibus
605 863 981 951 parochianis
1007 887 1341 927 sermonem
1369 887 1532 940 esse,
1569 888 1602 925 a
1637 863 1966 926 Comitihus
1990 864 2181 927 aulae
2216 888 2325 928 seu

404 948 620 1014 Curiae
648 951 1089 1026 Praelatorum,
1136 950 1500 1034 aliorumque
1527 950 1889 1036 privatorum
1929 949 2332 1014 Dominorum

403 1044 566 1115 (nam
613 1035 707 1098 his
765 1059 998 1122 quoque
1063 1034 1156 1096 sui
1220 1033 1354 1096 olim
1412 1035 1676 1098 Comites
1741 1035 2042 1115 Curiales)
2111 1036 2323 1124 oppido

403 1144 578 1207 quam
619 1121 889 1185 diversis,
947 1123 1043 1183 De
1091 1142 1334 1183 munere
1361 1120 1570 1184 horum
1603 1119 1914 1182 Kollarius
1958 1128 2002 1200 Ι)
2048 1144 2155 1208 pro
2202 1121 2326 1186 dili-

401 1206 606 1292 gentia
644 1231 753 1269 sua
793 1206 922 1291 egit
959 1205 1217 1293 prolixe,
1264 1204 1805 1292 longumque-iniit
1838 1227 2152 1269 causarum
2190 1231 2323 1272 cen-

399 1316 530 1353 sum
549 1342 562 1368 ,
605 1316 753 1379 quas
794 1290 1002 1355 horum
1039 1291 1312 1355 definitas
1328 1291 1553 1378 judicio
1579 1314 1652 1354 ex
1675 1294 1942 1376 Regesto
1964 1292 2325 1357 Varadiensi

399 1378 655 1465 accepit3
712 1376 819 1441 sed
872 1376 1029 1463 quod
1078 1378 1329 1464 amplius
1377 1389 1506 1454 est,
1567 1376 1832 1439 Comites
1873 1375 1984 1440 hos
2031 1380 2324 1455 Curia-leS,

397 1463 672 1549 proinde,
731 1476 910 1550 atque
958 1465 1222 1526 Comites
1258 1463 1627 1550 parochiales
1669 1465 1904 1525 Causas
1943 1463 2091 1527 alias
2141 1465 2323 1529 ordi-

396 1549 629 1627 naria,
692 1550 840 1612 alias
910 1547 1240 1635 delegata
1314 1561 1676 1635 potestate
1729 1547 2104 1626 definivisse,
2165 1551 2322 1637 fugit

396 1658 528 1698 eum
577 1649 891 1709 annotare3
951 1635 1089 1698 licet
1118 1635 1389 1720 pluribus
1437 1633 1689 1720 Regesti
1721 1634 1880 1695 illius
1913 1634 2147 1700 indiciis
2185 1660 2320 1701 con-

396 1734 544 1785 stet:
588 1725 822 1785 Causas
866 1722 1198 1807 complures
1246 1720 1578 1783 Comitihus
1624 1718 2001 1806 parochianis
2047 1722 2337 1792 commis-2

394 1831 528 1883 saS,
576 1807 786 1870 horum
820 1806 1100 1869 mandatu
1150 1806 1608 1870 vice-Comites
1654 1829 1763 1868 seu
1805 1805 2078 1869 Curiales
2121 1808 2313 1872 Comi*

391 1906 487 1957 tes
522 1893 632 1957 hos
673 1905 1097 1981 pertractasse.
1153 1892 1323 1969 Quod
1357 1892 1546 1978 igitur
1576 1890 1813 1954 easdem
1845 1892 2080 1979 species
2111 1917 2319 1957 causa-

393 2001 555 2056 rum,
587 2001 1094 2066 personarumque
1126 1978 1229 2041 lite
1263 1979 1565 2064 agentium
1609 1999 1837 2062 genera
1873 1978 2075 2042 eadem
2119 2003 2317 2043 coram

393 2077 646 2150 utroque
692 2065 891 2138 vides3
949 2063 1126 2126 nolim
1149 2062 1206 2124 id
1233 2087 1341 2150 pro
1366 2075 1618 2150 aequata
1647 2062 1956 2149 utriusque
1981 2066 2039 2126 in
2066 2069 2203 2152 jure
2234 2065 2317 2129 di-

392 2150 581 2213 cundo
615 2151 972 2214 auctoritate
1005 2148 1289 2236 accipiaS,
1324 2162 1531 2212 contra
1561 2147 1713 2210 enim
1745 2160 1804 2210 et
1826 2149 1931 2210 -lex
1955 2163 2015 2214 et
2048 2152 2339 2239 exempla<

389 2235 650 2312 faciunt,
701 2259 854 2322 quae
886 2234 1195 2321 attigimus
1231 2236 1427 2322 paullo
1462 2247 1616 2298 ante.
1664 2239 1733 2295 ln
1771 2233 1867 2296 his
1901 2235 2100 2322 itaque
2132 2236 2318 2300 Vice*

391 2322 656 2385 Comites
687 2323 818 2384 luce
858 2344 977 2383 non
1014 2343 1154 2396 sua,
1195 2319 1301 2384 sed
1333 2321 1526 2384 aliena
1561 2320 1853 2383 lucebant.
1898 2324 2180 2386 Facultas
2212 2323 2311 2387 de-

387 2407 611 2493 ligendi
645 2407 895 2471 Comitis
921 2406 1311 2488 Curialisdiu
1347 2405 1741 2494 parochialem
1785 2430 1969 2493 penes
2018 2409 2306 2472 Comitem

386 2493 511 2557 fuit.
568 2497 663 2556 Ex
707 2517 821 2580 quo
868 2492 1162 2579 conjicere
1209 2504 1332 2569 est,
1395 2491 1505 2557 hos
1542 2504 1601 2555 et
1628 2505 1840 2579 suopte
1883 2506 2033 2557 nutu
2064 2507 2123 2559 et
2155 2493 2333 2581 quod-

384 2581 540 2643 fama
576 2579 1057 2666 existimatioque
1094 2601 1205 2640 sua
1234 2601 1455 2665 magna
1487 2602 1561 2641 ex
1591 2591 1761 2665 parte
1797 2602 1904 2666 per
1933 2580 2139 2644 laudes
2173 2580 2309 2644 fidei

386 2665 831 2753 industriaeque
854 2664 1180 2728 Curialium
1213 2665 1507 2728 Comitum
1537 2688 1779 2727 suorum
1804 2677 2025 2742 staret,
2072 2689 2309 2754 operam

386 2750 651 2826 dedisse,
708 2776 920 2814 munus
963 2751 1021 2813 id
1072 2762 1137 2812 ut
1174 2750 1299 2812 viro
1341 2751 1676 2822 conferant,
1725 2763 1783 2813 et
1817 2774 1852 2813 a
1882 2751 2144 2815 moribus
2187 2764 2246 2816 et
2275 2775 2310 2814 a

385 2836 577 2900 literis
615 2837 1037 2900 commendato,
1090 2834 1396 2922 Additque
1428 2836 1684 2924 opinioni
1723 2850 2106 2916 momentum,
2153 2837 2307 2924 quod

386 2944 629 2999 causae,
687 2946 838 3008 quae
885 2923 1112 2984 animos
1148 2921 1373 2985 veteris
1402 2922 1624 2985 formae
1639 2922 1991 3009 judiciorum
2012 2923 2305 3001 curiosos,

383 3007 442 3070 in
487 3012 756 3094 Regesto
811 3008 910 3070 illo
954 3007 1206 3070 maxime
1254 3008 1519 3094 explent,
1574 3032 1680 3095 per
1718 3008 1990 3072 Curiales
2031 3021 2311 3097 peractae

386 3093 649 3157 Comites
691 3094 945 3157 suerunt.
1738 3096 1743 3101 ’
1867 3117 1869 3119 ·
2074 3130 2078 3141 =

520 3343 561 3401 l)
607 3341 796 3391 Volum.
832 3341 892 3390 ll.
936 3342 1140 3391 Amoen.
1184 3342 1307 3392 Hist.
1340 3343 1572 3408 ,lm-isque
1603 3344 1737 3410 publ.
1772 3345 1908 3409 regni
1939 3307 2103 3410 Hung.
2144 3328 2189 3394 c.
2218 3341 2313 3395 lv.-.

383 3442 430 3489 p.
467 3420 543 3475 Ῑιθ
578 3434 626 3474 et
658 3442 795 3490 seqq.
2100 3423 2102 3426 ⁵
