2384 3886
426 250 547 305 214

428 409 672 471 rumque
715 394 878 465 (nam
918 383 1047 446 hos¹
1073 384 1246 446 etiam
1284 383 1445 454 velut
1493 406 1638 471 prae
1687 384 1881 448 servis
1924 387 2344 475 mancipiisque

428 471 675 534 meliore·
725 468 1057 532 conditione
1102 468 1339 533 habitos
1361 506 1384 547 ,ν
1416 472 1541 556 jam
1590 493 1623 532 a
1661 468 1850 557 primo
1898 469 2343 558 Johagiones

430 557 623 619 dicere
662 554 860 634 libuit)
896 553 1232 618 discrimine
1270 555 1547 631 consum,
1600 579 1700 618 res
1735 554 2125 642 poenitendae
2159 557 2343 622 videri

430 664 644 728 operae
683 653 910 728 potest,
959 640 1306 704 vocabulum
1335 640 1725 717 inconditum,
1771 664 2110 728 vagumque
2138 649 2203 723 5)·
2237 666 2344 730 per

427 739 641 789 cuncta
703 725 872 811 sequi
913 724 1278 803 diverticula,
1304 725 1492 813 spinis
1532 740 1592 790 et
1622 725 2134 814 vepribus'ohsita
2171 741 2231 792 et
2269 752 2343 792 ex

426 812 521 874 his
549 811 899 875 recessibus
936 811 995 874 in
1033 806 1326 899 apriciora
1351 811 1645 898 proferre3
1692 812 1799 876 sed
1830 836 1941 875 nos
1974 825 2187 901 caepta
2209 837 2343 902 pro-

427 920 759 984 sequamur.

424 1092 520 1136 tur.
571 1085 715 1135 Conf.
755 1085 900 1133 etiam
939 1083 1364 1133 Aldermannos
1396 1082 1685 1148 Spilmanni.
1731 1082 1929 1156 Praeter
1967 1084 2341 1150 appellationem

423 1170 733 1220 meliorum
787 1168 1192 1233 (Jobbagionum)
1246 1175 1484 1218 ocurrunt
1534 1169 1584 1219 in
1637 1168 1827 1234 legibus
1873 1168 2164 1235 Hungaricis
2212 1170 2341 1233 (vide

422 1255 590 1305 Bullae
620 1269 794 1304 aureae
825 1261 915 1304 art.
955 1251 1048 1303 11.
1083 1253 1228 1304 Decr.
1260 1254 1383 1304 And.
1417 1253 1501 1303 111.
1535 1253 1595 1304 de
1626 1270 1670 1304 a.
1698 1251 1853 1305 1291
1891 1261 1983 1305 art.
2013 1252 2108 1305 11.
2140 1255 2338 1321 Regest.

422 1340 593 1390 Varad.
626 1355 764 1389 num.
802 1336 899 1401 26,
934 1346 981 1390 et
1015 1335 1160 1401 357)
1201 1340 1380 1391 etiam
1417 1339 1558 1389 boni
1588 1339 1883 1390 homines·
1928 1340 2083 1391 Verba
2112 1340 2234 1390 haec
2262 1341 2342 1391 li-

421 1426 598 1476 beros
637 1425 910 1475 homines
947 1431 1118 1475 notare
1155 1425 1200 1475 J.
1236 1425 1291 1475 C.
1333 1426 1393 1474 de
1432 1425 1623 1492 Savigni
1661 1425 1838 1476 Gesch.
1873 1426 1960 1476 des
1997 1435 2124 1476 rom.
2157 1425 2341 1477 Rechts

422 1512 489 1561 im
529 1510 822 1572 Mittelalter‚
863 1511 901 1561 Ι.
942 1510 998 1561 Β.
1042 1526 1094 1576 p.
1142 1507 1278 1562 160.
1320 1519 1370 1561 et
1406 1526 1511 1576 seq.
1552 1511 1822 1561 clarissime
1864 1511 2057 1574 docuit3
2107 1511 2238 1577 quod
2275 1511 2340 1562 ita

422 1580 552 1662 apud
581 1597 843 1661 Hungaros
875 1611 1070 1661 quoque
1102 1595 1428 1646 observatum.
2085 1576 2108 1597 ⁰

557 1684 603 1744 5)
650 1683 810 1732 Instar
847 1681 1055 1747 exempli
1095 1688 1265 1731 sunto:
1321 1682 1511 1732 Literae
1542 1681 1749 1732 Mathaei
1778 1681 1897 1731 Bani
1928 1681 2179 1732 Slavoniae
2209 1683 2339 1747 apud

422 1767 703 1818 Kercselich
733 1767 859 1817 Hist.
881 1767 987 1817 Ecl.
1021 1767 1223 1832 Zagrab.
1259 1767 1316 1817 T.
1345 1767 1406 1817 Il.
1441 1767 1500 1817 de
1531 1783 1576 1816 a.
1603 1765 1792 1818 1270:
1832 1766 2076 1818 Nobiles
2108 1773 2166 1817 et
2192 1767 2342 1817 Joh-

420 1853 710 1918 bagiones
742 1860 1015 1903 castrorum
1046 1853 1167 1902 haec
1193 1855 1305 1918 jura
1334 1853 1472 1918 regni
1495 1857 1553 1902 'et
1581 1853 1797 1903 Banatus
1837 1852 2032 1903 redacta
2062 1852 2113 1902 in
2143 1852 2340 1918 scriptis

422 1939 566 1988 nobis
604 1939 952 2000 exhibuerunt;
1007 1939 1147 1988 item:
1197 1954 1347 2003 super
1382 1939 1526 1988 terris
1563 1938 1807 1989 Nobilium
1846 1938 1919 1988 vel
1961 1938 2157 1988 Castri
2192 1938 2221 1988 J
2231 1938 2342 1988 ob-

420 2023 741 2089 bagionum
784 2023 961 2084 dicari,
1011 2030 1374 2073 commorantes
1403 2023 1454 2073 in
1484 2024 1628 2074 terris
1666 2024 1774 2083 his,
1823 2039 1924 2073 non
1962 2023 2197 2087 debeant,
2252 2023 2337 2074 sed

421 2109 832 2174 Jobbagiones
863 2124 1082 2159 eorum.
1130 2108 1186 2158 In
1218 2109 1481 2174 diplomate
1509 2109 1629 2159 Lad.
1663 2110 1739 2159 IV.
1774 2109 1833 2159 de
1864 2125 1908 2159 a.
1955 2106 2113 2160 1279
2153 2109 2340 2160 Jobba-

422 2195 648 2260 gionibus
679 2194 826 2244 castri
858 2194 1039 2259 Zagrab
1072 2194 1297 2260 elargito:
1342 2195 1544 2256 „nullus
1576 2195 1894 2245 collectorum
1930 2195 1957 2244 J
1968 2194 2338 2259 obbagiones

421 2281 477 2331 in
509 2280 671 2331 curia
703 2279 1135 2345 Jobbagionum
1169 2281 1315 2331 castri
1337 2281 1600 2331 existentes
1619 2280 1811 2331 dicandi
1831 2279 2007 2332 habeat
2025 2279 2356 2347 optionem.““

1284 2477 1327 2552 g
1371 2479 1468 2538 29.

421 2628 860 2695 adhibeturque
898 2630 955 2679 in
995 2627 1223 2680 chartis
1261 2629 1565 2680 veteribus
1605 2630 1673 2680 ad
1705 2629 2070 2696 Optimate5‚
2118 2644 2337 2695 eques-

858 2724 1127 2781 tremque
1174 2715 1452 2765 Ordinem
1497 2716 1903 2778 indicandum3
2111 2724 2120 2731 ¹

588 2866 725 2925 Jam
759 2862 1011 2948 primum
1049 2887 1164 2925 vox
1212 2887 1281 2925 ea
1314 2863 1614 2926 veteribus
1656 2863 1990 2926 meliores
2030 2875 2090 2926 et
2124 2865 2332 2961 majo—

420 2970 561 3027 reS‚
596 2948 756 3011 nullo
792 2949 948 3010 sacri
987 2947 1332 3034 profanique
1374 2948 1594 3011 ordinis
1633 2948 1996 3025 discrimine,
2036 2947 2185 3011 idem
2221 2947 2334 3034 lgi-

419 3047 539 3110 tur,‘
583 3033 737 3120 quod
773 3031 925 3119 apud
959 3035 1255 3096 Romanos
1294 3033 1502 3096 Cives
1538 3034 1798 3121 optimo
1829 3036 1987 3120 jure
2027 3033 2333 3120 significa-

420 3119 536 3183 bat.
558 3126 606 3201 ¹)
641 3123 998 3205 Ingenuos
1033 3121 1261 3182 Leonis
1293 3119 1606 3206 sapientiS,
1652 3120 1919 3183 liberos
1955 3117 2332 3183 Constantini

556 3308 598 3367 1)
646 3306 767 3355 Cod.
809 3305 935 3371 Dipl.
978 3305 1037 3354 11.
1080 3320 1129 3369 p.
1186 3300 1302 3355 184
1346 3306 1405 3355 ad
1445 3321 1488 3355 a.
1529 3303 1706 3356 1171.
1767 3305 2156 3371 „Jobbagionesz
2213 3305 2332 3355 Am-

419 3390 615 3440 brosius
651 3391 816 3441 Banus
849 3395 984 3441 cet.“
1016 3390 1124 3439 Kat.
1158 3390 1218 3440 H.
1255 3391 1335 3441 Cr.
1369 3392 1421 3440 V.
1457 3407 1507 3456 p.
1544 3390 1662 3443 276
1702 3393 1763 3442 ad
1801 3407 1845 3441 a.
1884 3389 2042 3441 1217
2091 3396 2331 3452 „nostro-

421 3490 625 3539 rumque
655 3475 1039 3541 Johbagionum:
1078 3475 1207 3526 Petri
1238 3476 1458 3527 videlicet
1481 3476 1761 3527 Geu'riensis
1790 3475 2025 3542 Episcopi
2055 3481 2148 3525 cet.
2185 3474 2330 3535 „Ma-

421 3573 506 3624 ger
538 3561 774 3625 orzagnak
805 3562 882 3611 seu
909 3560 1118 3627 johbagy
1149 3577 1201 3611 es
1234 3567 1471 3627 nemesy“
1504 3563 1551 3613 in
1582 3563 1674 3613 vita
1705 3562 1753 3612 l).
1787 3562 1990 3626 Margar.
