<?xml version="1.0" encoding="UTF-8"?>
<!DOCTYPE html PUBLIC "-//W3C//DTD XHTML 1.0 Transitional//EN"
    "http://www.w3.org/TR/xhtml1/DTD/xhtml1-transitional.dtd">
<html xmlns="http://www.w3.org/1999/xhtml" xml:lang="en" lang="en">
 <head>
  <title>
</title>
<meta http-equiv="Content-Type" content="text/html;charset=utf-8" />
  <meta name='ocr-system' content='tesseract 3.04.00' />
  <meta name='ocr-capabilities' content='ocr_page ocr_carea ocr_par ocr_line ocrx_word'/>
</head>
<body>
  <div class='ocr_page' id='page_1' title='image "./commentariorumad01bart_0159.png"; bbox 0 0 2384 3886; ppageno 0'>
   <div class='ocr_carea' id='block_1_1' title="bbox 0 398 30 517">
    <p class='ocr_par' dir='ltr' id='par_1_1' title="bbox 0 398 30 517">
     <span class='ocr_line' id='line_1_1' title="bbox 0 398 30 517; baseline 0 -93"><span class='ocrx_word' id='word_1_1' title='bbox 0 398 30 517; x_wconf 58' lang='grc' dir='ltr'><em>ξ</em></span> 
     </span>
    </p>
   </div>
   <div class='ocr_carea' id='block_1_2' title="bbox 86 472 1994 563">
    <p class='ocr_par' dir='ltr' id='par_1_2' title="bbox 0 472 1994 563">
     <span class='ocr_line' id='line_1_2' title="bbox 86 472 1994 563; baseline 0 -20"><span class='ocrx_word' id='word_1_2' title='bbox 86 492 146 544; x_wconf 91' lang='lat' dir='ltr'>et</span> <span class='ocrx_word' id='word_1_3' title='bbox 190 483 384 542; x_wconf 92' lang='lat' dir='ltr'>Deum</span> <span class='ocrx_word' id='word_1_4' title='bbox 440 488 814 563; x_wconf 87' lang='lat' dir='ltr'>nuncupant,</span> <span class='ocrx_word' id='word_1_5' title='bbox 883 474 996 561; x_wconf 88' lang='lat' dir='ltr'>qui</span> <span class='ocrx_word' id='word_1_6' title='bbox 1041 472 1220 537; x_wconf 86' lang='lat' dir='ltr'>hanc</span> <span class='ocrx_word' id='word_1_7' title='bbox 1278 499 1508 539; x_wconf 92' lang='lat' dir='ltr'>rerum</span> <span class='ocrx_word' id='word_1_8' title='bbox 1564 478 1994 542; x_wconf 82' lang='lat' dir='ltr'>universita-</span> 
     </span>
    </p>
   </div>
   <div class='ocr_carea' id='block_1_3' title="bbox 1879 169 1988 226">
    <p class='ocr_par' dir='ltr' id='par_1_3' title="bbox 1879 169 1988 226">
     <span class='ocr_line' id='line_1_3' title="bbox 1879 169 1988 226; baseline 0.018 -2"><span class='ocrx_word' id='word_1_9' title='bbox 1879 169 1988 226; x_wconf 85' lang='lat'>151</span> 
     </span>
    </p>
   </div>
   <div class='ocr_carea' id='block_1_4' title="bbox 86 307 1995 479">
    <p class='ocr_par' dir='ltr' id='par_1_4' title="bbox 86 307 1995 479">
     <span class='ocr_line' id='line_1_4' title="bbox 89 307 1995 393; baseline -0.002 -19"><span class='ocrx_word' id='word_1_10' title='bbox 89 311 222 374; x_wconf 91' lang='lat' dir='ltr'>dum</span> <span class='ocrx_word' id='word_1_11' title='bbox 247 307 459 371; x_wconf 79' lang='lat' dir='ltr'><strong>stolide</strong></span> <span class='ocrx_word' id='word_1_12' title='bbox 483 307 684 392; x_wconf 80' lang='lat' dir='ltr'>ignem</span> <span class='ocrx_word' id='word_1_13' title='bbox 706 308 923 380; x_wconf 89' lang='lat' dir='ltr'>colunt,</span> <span class='ocrx_word' id='word_1_14' title='bbox 955 329 1266 391; x_wconf 90' lang='lat' dir='ltr'>aeremque</span> <span class='ocrx_word' id='word_1_15' title='bbox 1292 320 1350 369; x_wconf 92' lang='lat' dir='ltr'>et</span> <span class='ocrx_word' id='word_1_16' title='bbox 1382 331 1589 393; x_wconf 88' lang='lat' dir='ltr'>aquam</span> <span class='ocrx_word' id='word_1_17' title='bbox 1618 321 1995 386; x_wconf 86' lang='lat' dir='ltr'>venerantur,</span> 
     </span>
     <span class='ocr_line' id='line_1_5' title="bbox 86 390 1994 479; baseline -0.001 -20"><span class='ocrx_word' id='word_1_18' title='bbox 86 395 283 459; x_wconf 88' lang='lat' dir='ltr'>telluri</span> <span class='ocrx_word' id='word_1_19' title='bbox 336 394 591 479; x_wconf 81' lang='lat' dir='ltr'>hymnos</span> <span class='ocrx_word' id='word_1_20' title='bbox 644 390 985 466; x_wconf 83' lang='lat' dir='ltr'>concinunt,</span> <span class='ocrx_word' id='word_1_21' title='bbox 1043 390 1292 453; x_wconf 88' lang='lat' dir='ltr'>adorant</span> <span class='ocrx_word' id='word_1_22' title='bbox 1340 406 1534 455; x_wconf 88' lang='lat' dir='ltr'>autem</span> <span class='ocrx_word' id='word_1_23' title='bbox 1573 394 1994 473; x_wconf 89' lang='lat' dir='ltr'>tantummodo,</span> 
     </span>
    </p>
   </div>
   <div class='ocr_carea' id='block_1_5' title="bbox 0 558 2038 992">
    <p class='ocr_par' dir='ltr' id='par_1_5' title="bbox 0 554 2038 992">
     <span class='ocr_line' id='line_1_6' title="bbox 0 558 2038 649; baseline -0 -20"><span class='ocrx_word' id='word_1_24' title='bbox 0 564 36 646; x_wconf 55' lang='grc' dir='ltr'>ἓ</span> <span class='ocrx_word' id='word_1_25' title='bbox 85 578 218 628; x_wconf 90' lang='lat' dir='ltr'>tem</span> <span class='ocrx_word' id='word_1_26' title='bbox 250 562 774 639; x_wconf 80' lang='lat' dir='ltr'>aedificavit.“4)</span> <span class='ocrx_word' id='word_1_27' title='bbox 806 563 996 636; x_wconf 84' lang='lat' dir='ltr'>Quam</span> <span class='ocrx_word' id='word_1_28' title='bbox 1017 558 1164 622; x_wconf 90' lang='lat' dir='ltr'>haec</span> <span class='ocrx_word' id='word_1_29' title='bbox 1186 583 1325 622; x_wconf 87' lang='lat' dir='ltr'>vere</span> <span class='ocrx_word' id='word_1_30' title='bbox 1343 560 1830 649; x_wconf 77' lang='lat' dir='ltr'>TheophilactuS,</span> <span class='ocrx_word' id='word_1_31' title='bbox 1861 565 1998 629; x_wconf 89' lang='lat' dir='ltr'>fasti</span> <span class='ocrx_word' id='word_1_32' title='bbox 2035 580 2038 583; x_wconf 82' lang='grc'><strong>“</strong></span> 
     </span>
     <span class='ocr_line' id='line_1_7' title="bbox 83 645 1997 737; baseline -0.002 -22.125"><span class='ocrx_word' id='word_1_33' title='bbox 83 651 405 737; x_wconf 90' lang='lat' dir='ltr'>loquuntur</span> <span class='ocrx_word' id='word_1_34' title='bbox 434 646 776 710; x_wconf 89' lang='lat' dir='ltr'>monasterii</span> <span class='ocrx_word' id='word_1_35' title='bbox 811 645 882 708; x_wconf 90' lang='lat' dir='ltr'>ad</span> <span class='ocrx_word' id='word_1_36' title='bbox 925 669 972 707; x_wconf 82' lang='lat' dir='ltr'>S.</span> <span class='ocrx_word' id='word_1_37' title='bbox 1007 645 1276 721; x_wconf 88' lang='lat' dir='ltr'>Gallum,</span> <span class='ocrx_word' id='word_1_38' title='bbox 1325 650 1493 732; x_wconf 87' lang='lat' dir='ltr'>cujus</span> <span class='ocrx_word' id='word_1_39' title='bbox 1531 650 1665 710; x_wconf 92' lang='lat' dir='ltr'>olim</span> <span class='ocrx_word' id='word_1_40' title='bbox 1703 663 1874 737; x_wconf 90' lang='lat' dir='ltr'>prata</span> <span class='ocrx_word' id='word_1_41' title='bbox 1901 651 1997 736; x_wconf 91' lang='lat' dir='ltr'>pie</span> 
     </span>
     <span class='ocr_line' id='line_1_8' title="bbox 0 732 1996 824; baseline -0.001 -24"><span class='ocrx_word' id='word_1_42' title='bbox 0 774 4 781; x_wconf 87' lang='lat'><em>·</em></span> <span class='ocrx_word' id='word_1_43' title='bbox 84 736 276 822; x_wconf 88' lang='lat' dir='ltr'>gratis</span> <span class='ocrx_word' id='word_1_44' title='bbox 298 739 734 818; x_wconf 82' lang='lat' dir='ltr'>Hungarorum</span> <span class='ocrx_word' id='word_1_45' title='bbox 754 732 815 792; x_wconf 91' lang='lat' dir='ltr'>in</span> <span class='ocrx_word' id='word_1_46' title='bbox 836 734 1029 793; x_wconf 89' lang='lat' dir='ltr'>Deum</span> <span class='ocrx_word' id='word_1_47' title='bbox 1066 753 1237 792; x_wconf 91' lang='lat' dir='ltr'>suum</span> <span class='ocrx_word' id='word_1_48' title='bbox 1260 733 1396 818; x_wconf 89' lang='lat' dir='ltr'>Opt.</span> <span class='ocrx_word' id='word_1_49' title='bbox 1417 735 1575 794; x_wconf 86' lang='lat' dir='ltr'>Max.</span> <span class='ocrx_word' id='word_1_50' title='bbox 1604 733 1840 819; x_wconf 80' lang='lat' dir='ltr'><strong>hymnis</strong></span> <span class='ocrx_word' id='word_1_51' title='bbox 1864 761 1996 824; x_wconf 83' lang='lat' dir='ltr'>per-</span> 
     </span>
     <span class='ocr_line' id='line_1_9' title="bbox 0 814 1996 913; baseline -0.001 -28"><span class='ocrx_word' id='word_1_52' title='bbox 0 844 10 913; x_wconf 26' lang='grc' dir='ltr'>ὲ·</span> <span class='ocrx_word' id='word_1_53' title='bbox 83 818 388 884; x_wconf 86' lang='lat' dir='ltr'>sonabant.</span> <span class='ocrx_word' id='word_1_54' title='bbox 434 822 637 904; x_wconf 81' lang='lat' dir='ltr'><strong>Atque</strong></span> <span class='ocrx_word' id='word_1_55' title='bbox 671 815 828 879; x_wconf 90' lang='lat' dir='ltr'>hunc</span> <span class='ocrx_word' id='word_1_56' title='bbox 860 815 1122 879; x_wconf 84' lang='lat' dir='ltr'>derivata</span> <span class='ocrx_word' id='word_1_57' title='bbox 1156 838 1190 877; x_wconf 90' lang='lat' dir='ltr'>a</span> <span class='ocrx_word' id='word_1_58' title='bbox 1214 814 1643 880; x_wconf 81' lang='lat' dir='ltr'>Chaldaeorum</span> <span class='ocrx_word' id='word_1_59' title='bbox 1673 821 1914 898; x_wconf 86' lang='lat' dir='ltr'>Eschta,</span> <span class='ocrx_word' id='word_1_60' title='bbox 1946 830 1996 903; x_wconf 80' lang='lat'>⁵)</span> 
     </span>
     <span class='ocr_line' id='line_1_10' title="bbox 4 903 1995 992; baseline 0.002 -24"><span class='ocrx_word' id='word_1_61' title='bbox 4 925 10 976; x_wconf 76' lang='lat' dir='ltr'><em>f</em></span> <span class='ocrx_word' id='word_1_62' title='bbox 83 906 310 992; x_wconf 85' lang='lat' dir='ltr'>(ignem</span> <span class='ocrx_word' id='word_1_63' title='bbox 361 911 555 983; x_wconf 88' lang='lat' dir='ltr'>notat)</span> <span class='ocrx_word' id='word_1_64' title='bbox 610 903 896 966; x_wconf 87' lang='lat' dir='ltr'>vocabulo</span> <span class='ocrx_word' id='word_1_65' title='bbox 952 906 1202 979; x_wconf 86' lang='lat' dir='ltr'>„lsten“</span> <span class='ocrx_word' id='word_1_66' title='bbox 1253 914 1311 965; x_wconf 89' lang='lat' dir='ltr'>et</span> <span class='ocrx_word' id='word_1_67' title='bbox 1355 904 1771 989; x_wconf 80' lang='lat' dir='ltr'>progenitores</span> <span class='ocrx_word' id='word_1_68' title='bbox 1806 910 1995 992; x_wconf 87' lang='lat' dir='ltr'>Majo-</span> 
     </span>
    </p>
   </div>
   <div class='ocr_carea' id='block_1_6' title="bbox 80 986 1993 1078">
    <p class='ocr_par' dir='ltr' id='par_1_6' title="bbox 80 986 1993 1078">
     <span class='ocr_line' id='line_1_11' title="bbox 80 986 1993 1078; baseline 0.002 -25"><span class='ocrx_word' id='word_1_69' title='bbox 80 1015 210 1054; x_wconf 89' lang='lat' dir='ltr'>rum</span> <span class='ocrx_word' id='word_1_70' title='bbox 250 1003 591 1053; x_wconf 88' lang='lat' dir='ltr'>nostrorum</span> <span class='ocrx_word' id='word_1_71' title='bbox 631 1001 691 1052; x_wconf 89' lang='lat' dir='ltr'>et</span> <span class='ocrx_word' id='word_1_72' title='bbox 736 1011 847 1051; x_wconf 91' lang='lat' dir='ltr'>nos</span> <span class='ocrx_word' id='word_1_73' title='bbox 897 987 1259 1075; x_wconf 82' lang='lat' dir='ltr'>appellamus</span> <span class='ocrx_word' id='word_1_74' title='bbox 1311 986 1627 1075; x_wconf 84' lang='lat' dir='ltr'>hodieque3</span> <span class='ocrx_word' id='word_1_75' title='bbox 1687 990 1841 1078; x_wconf 91' lang='lat' dir='ltr'>apud</span> <span class='ocrx_word' id='word_1_76' title='bbox 1889 1017 1993 1056; x_wconf 93' lang='lat' dir='ltr'>eos</span> 
     </span>
    </p>
   </div>
   <div class='ocr_carea' id='block_1_7' title="bbox 25 1071 1994 1162">
    <p class='ocr_par' dir='ltr' id='par_1_7' title="bbox 25 1071 1994 1162">
     <span class='ocr_line' id='line_1_12' title="bbox 25 1071 1994 1162; baseline 0.001 -23"><span class='ocrx_word' id='word_1_77' title='bbox 25 1151 27 1153; x_wconf 16' lang='lat'><strong><em>¹</em></strong></span> <span class='ocrx_word' id='word_1_78' title='bbox 81 1100 199 1140; x_wconf 89' lang='lat' dir='ltr'>non</span> <span class='ocrx_word' id='word_1_79' title='bbox 247 1099 355 1162; x_wconf 91' lang='lat' dir='ltr'>per</span> <span class='ocrx_word' id='word_1_80' title='bbox 408 1074 824 1148; x_wconf 81' lang='lat' dir='ltr'>SacrificuloS‚</span> <span class='ocrx_word' id='word_1_81' title='bbox 884 1085 949 1136; x_wconf 86' lang='lat' dir='ltr'>ut</span> <span class='ocrx_word' id='word_1_82' title='bbox 1001 1071 1140 1135; x_wconf 91' lang='lat' dir='ltr'>alibi</span> <span class='ocrx_word' id='word_1_83' title='bbox 1188 1073 1442 1159; x_wconf 90' lang='lat' dir='ltr'>passim,</span> <span class='ocrx_word' id='word_1_84' title='bbox 1508 1088 1754 1140; x_wconf 86' lang='lat' dir='ltr'>externo</span> <span class='ocrx_word' id='word_1_85' title='bbox 1813 1078 1994 1141; x_wconf 90' lang='lat' dir='ltr'>cultui</span> 
     </span>
    </p>
   </div>
   <div class='ocr_carea' id='block_1_8' title="bbox 0 1158 1988 1244">
    <p class='ocr_par' dir='ltr' id='par_1_8' title="bbox 0 1158 1988 1244">
     <span class='ocr_line' id='line_1_13' title="bbox 0 1158 1988 1244; baseline 0 -19"><span class='ocrx_word' id='word_1_86' title='bbox 0 1203 4 1208; x_wconf 64' lang='grc'><em>»</em></span> <span class='ocrx_word' id='word_1_87' title='bbox 45 1163 455 1238; x_wconf 41' lang='lat' dir='ltr'>auctorato&amp;</span> <span class='ocrx_word' id='word_1_88' title='bbox 529 1159 635 1222; x_wconf 89' lang='lat' dir='ltr'>sed</span> <span class='ocrx_word' id='word_1_89' title='bbox 692 1158 931 1222; x_wconf 87' lang='lat' dir='ltr'>militari</span> <span class='ocrx_word' id='word_1_90' title='bbox 990 1161 1275 1244; x_wconf 88' lang='lat' dir='ltr'>cujusque</span> <span class='ocrx_word' id='word_1_91' title='bbox 1337 1160 1555 1223; x_wconf 88' lang='lat' dir='ltr'>virtute</span> <span class='ocrx_word' id='word_1_92' title='bbox 1613 1175 1988 1238; x_wconf 85' lang='lat' dir='ltr'>veneratum3</span> 
     </span>
    </p>
   </div>
   <div class='ocr_carea' id='block_1_9' title="bbox 79 1245 1992 1432">
    <p class='ocr_par' dir='ltr' id='par_1_9' title="bbox 79 1245 1992 1432">
     <span class='ocr_line' id='line_1_14' title="bbox 79 1245 1992 1334; baseline 0.001 -24"><span class='ocrx_word' id='word_1_93' title='bbox 79 1271 216 1310; x_wconf 89' lang='lat' dir='ltr'>nam</span> <span class='ocrx_word' id='word_1_94' title='bbox 241 1259 300 1310; x_wconf 87' lang='lat' dir='ltr'>et</span> <span class='ocrx_word' id='word_1_95' title='bbox 315 1245 637 1334; x_wconf 89' lang='lat' dir='ltr'>praeliandi</span> <span class='ocrx_word' id='word_1_96' title='bbox 658 1245 889 1308; x_wconf 89' lang='lat' dir='ltr'>initium</span> <span class='ocrx_word' id='word_1_97' title='bbox 909 1246 1271 1307; x_wconf 90' lang='lat' dir='ltr'>conclamato</span> <span class='ocrx_word' id='word_1_98' title='bbox 1301 1248 1430 1330; x_wconf 86' lang='lat' dir='ltr'>ejus</span> <span class='ocrx_word' id='word_1_99' title='bbox 1458 1246 1720 1311; x_wconf 88' lang='lat' dir='ltr'>Numine</span> <span class='ocrx_word' id='word_1_100' title='bbox 1752 1248 1992 1327; x_wconf 88' lang='lat' dir='ltr'>factum,</span> 
     </span>
     <span class='ocr_line' id='line_1_15' title="bbox 85 1330 1992 1432; baseline 0 -34"><span class='ocrx_word' id='word_1_101' title='bbox 85 1346 144 1398; x_wconf 92' lang='lat' dir='ltr'>et</span> <span class='ocrx_word' id='word_1_102' title='bbox 175 1332 422 1396; x_wconf 85' lang='lat' dir='ltr'>victoria</span> <span class='ocrx_word' id='word_1_103' title='bbox 465 1331 519 1394; x_wconf 91' lang='lat' dir='ltr'>ei</span> <span class='ocrx_word' id='word_1_104' title='bbox 556 1331 617 1394; x_wconf 88' lang='lat' dir='ltr'>in</span> <span class='ocrx_word' id='word_1_105' title='bbox 652 1330 911 1416; x_wconf 90' lang='lat' dir='ltr'>acceptis</span> <span class='ocrx_word' id='word_1_106' title='bbox 943 1331 1163 1405; x_wconf 88' lang='lat' dir='ltr'>relata,</span> <span class='ocrx_word' id='word_1_107' title='bbox 1206 1330 1541 1427; x_wconf 71' lang='lat' dir='ltr'>caesisque,</span> <span class='ocrx_word' id='word_1_108' title='bbox 1575 1333 1634 1395; x_wconf 89' lang='lat' dir='ltr'>in</span> <span class='ocrx_word' id='word_1_109' title='bbox 1673 1334 1992 1432; x_wconf 88' lang='lat' dir='ltr'>praecipuo</span> 
     </span>
    </p>
   </div>
   <div class='ocr_carea' id='block_1_10' title="bbox 27 1413 1995 1601">
    <p class='ocr_par' dir='ltr' id='par_1_10' title="bbox 27 1413 1995 1601">
     <span class='ocr_line' id='line_1_16' title="bbox 27 1413 1995 1507; baseline 0.001 -25"><span class='ocrx_word' id='word_1_110' title='bbox 27 1434 29 1436; x_wconf 77' lang='grc'>’</span> <span class='ocrx_word' id='word_1_111' title='bbox 80 1418 268 1507; x_wconf 88' lang='lat' dir='ltr'>pretio</span> <span class='ocrx_word' id='word_1_112' title='bbox 303 1418 401 1504; x_wconf 91' lang='lat' dir='ltr'>qui</span> <span class='ocrx_word' id='word_1_113' title='bbox 424 1418 675 1494; x_wconf 88' lang='lat' dir='ltr'>fuerant,</span> <span class='ocrx_word' id='word_1_114' title='bbox 708 1416 825 1479; x_wconf 84' lang='lat' dir='ltr'>albi</span> <span class='ocrx_word' id='word_1_115' title='bbox 862 1415 1075 1478; x_wconf 91' lang='lat' dir='ltr'>coloris</span> <span class='ocrx_word' id='word_1_116' title='bbox 1107 1413 1305 1502; x_wconf 85' lang='lat' dir='ltr'>equis,</span> <span class='ocrx_word' id='word_1_117' title='bbox 1349 1431 1506 1480; x_wconf 86' lang='lat' dir='ltr'>mter</span> <span class='ocrx_word' id='word_1_118' title='bbox 1530 1418 1692 1482; x_wconf 89' lang='lat' dir='ltr'>lauta</span> <span class='ocrx_word' id='word_1_119' title='bbox 1726 1443 1995 1483; x_wconf 77' lang='lat' dir='ltr'>convma</span> 
     </span>
     <span class='ocr_line' id='line_1_17' title="bbox 42 1500 1993 1601; baseline 0.001 -33"><span class='ocrx_word' id='word_1_120' title='bbox 42 1538 51 1543; x_wconf 94' lang='lat'>·</span> <span class='ocrx_word' id='word_1_121' title='bbox 83 1503 396 1581; x_wconf 85' lang='lat' dir='ltr'>celebrata,</span> <span class='ocrx_word' id='word_1_122' title='bbox 422 1512 472 1584; x_wconf 81' lang='lat'>⁶)</span> <span class='ocrx_word' id='word_1_123' title='bbox 498 1516 556 1567; x_wconf 90' lang='lat' dir='ltr'>et</span> <span class='ocrx_word' id='word_1_124' title='bbox 580 1503 712 1601; x_wconf 76' lang='lat' dir='ltr'>ipsa</span> <span class='ocrx_word' id='word_1_125' title='bbox 738 1500 1191 1566; x_wconf 87' lang='lat' dir='ltr'>Communitatis</span> <span class='ocrx_word' id='word_1_126' title='bbox 1217 1501 1408 1565; x_wconf 89' lang='lat' dir='ltr'>edicta</span> <span class='ocrx_word' id='word_1_127' title='bbox 1441 1502 1514 1565; x_wconf 88' lang='lat' dir='ltr'>ad</span> <span class='ocrx_word' id='word_1_128' title='bbox 1543 1503 1866 1567; x_wconf 86' lang='lat' dir='ltr'>addendam</span> <span class='ocrx_word' id='word_1_129' title='bbox 1899 1506 1993 1569; x_wconf 91' lang='lat' dir='ltr'>his</span> 
     </span>
    </p>
   </div>
   <div class='ocr_carea' id='block_1_11' title="bbox 79 1587 1995 1857">
    <p class='ocr_par' dir='ltr' id='par_1_11' title="bbox 79 1587 1995 1857">
     <span class='ocr_line' id='line_1_18' title="bbox 79 1587 1994 1677; baseline 0.001 -24"><span class='ocrx_word' id='word_1_130' title='bbox 79 1590 416 1653; x_wconf 83' lang='lat' dir='ltr'>sanctitatis</span> <span class='ocrx_word' id='word_1_131' title='bbox 437 1612 695 1676; x_wconf 82' lang='lat' dir='ltr'>speciem</span> <span class='ocrx_word' id='word_1_132' title='bbox 731 1611 879 1675; x_wconf 86' lang='lat' dir='ltr'>„pro</span> <span class='ocrx_word' id='word_1_133' title='bbox 907 1610 1051 1650; x_wconf 89' lang='lat' dir='ltr'>voce</span> <span class='ocrx_word' id='word_1_134' title='bbox 1081 1587 1240 1650; x_wconf 74' lang='lat' dir='ltr'>Dei⁶⁶</span> <span class='ocrx_word' id='word_1_135' title='bbox 1266 1589 1644 1675; x_wconf 85' lang='lat' dir='ltr'>promulgata</span> <span class='ocrx_word' id='word_1_136' title='bbox 1678 1589 1994 1677; x_wconf 90' lang='lat' dir='ltr'>habitaque</span> 
     </span>
     <span class='ocr_line' id='line_1_19' title="bbox 80 1674 1995 1763; baseline 0.001 -24"><span class='ocrx_word' id='word_1_137' title='bbox 80 1688 236 1739; x_wconf 88' lang='lat' dir='ltr'>sunt.</span> <span class='ocrx_word' id='word_1_138' title='bbox 271 1683 322 1756; x_wconf 81' lang='lat'>⁷)</span> <span class='ocrx_word' id='word_1_139' title='bbox 379 1674 693 1738; x_wconf 85' lang='lat' dir='ltr'>Hominem</span> <span class='ocrx_word' id='word_1_140' title='bbox 732 1697 850 1736; x_wconf 91' lang='lat' dir='ltr'>non</span> <span class='ocrx_word' id='word_1_141' title='bbox 898 1696 1125 1736; x_wconf 90' lang='lat' dir='ltr'>omnem</span> <span class='ocrx_word' id='word_1_142' title='bbox 1174 1675 1366 1750; x_wconf 86' lang='lat' dir='ltr'>mori,.</span> <span class='ocrx_word' id='word_1_143' title='bbox 1399 1674 1504 1738; x_wconf 88' lang='lat' dir='ltr'>sed</span> <span class='ocrx_word' id='word_1_144' title='bbox 1542 1699 1576 1737; x_wconf 91' lang='lat' dir='ltr'>a</span> <span class='ocrx_word' id='word_1_145' title='bbox 1603 1674 1742 1738; x_wconf 87' lang='lat' dir='ltr'>fatis</span> <span class='ocrx_word' id='word_1_146' title='bbox 1766 1696 1995 1763; x_wconf 87' lang='lat' dir='ltr'>quoque</span> 
     </span>
     <span class='ocr_line' id='line_1_20' title="bbox 80 1758 1994 1857; baseline 0 -33"><span class='ocrx_word' id='word_1_147' title='bbox 80 1762 437 1849; x_wconf 85' lang='lat' dir='ltr'>superstites</span> <span class='ocrx_word' id='word_1_148' title='bbox 495 1760 720 1823; x_wconf 88' lang='lat' dir='ltr'>animas</span> <span class='ocrx_word' id='word_1_149' title='bbox 767 1758 1113 1836; x_wconf 88' lang='lat' dir='ltr'>credebant,</span> <span class='ocrx_word' id='word_1_150' title='bbox 1167 1772 1226 1822; x_wconf 88' lang='lat' dir='ltr'>et</span> <span class='ocrx_word' id='word_1_151' title='bbox 1281 1783 1431 1857; x_wconf 78' lang='lat' dir='ltr'>quos</span> <span class='ocrx_word' id='word_1_152' title='bbox 1471 1759 1627 1824; x_wconf 93' lang='lat' dir='ltr'>bello</span> <span class='ocrx_word' id='word_1_153' title='bbox 1663 1761 1994 1826; x_wconf 88' lang='lat' dir='ltr'>interemis-</span> 
     </span>
    </p>
   </div>
   <div class='ocr_carea' id='block_1_12' title="bbox 44 1846 1995 1935">
    <p class='ocr_par' dir='ltr' id='par_1_12' title="bbox 44 1846 1995 1935">
     <span class='ocr_line' id='line_1_21' title="bbox 44 1846 1995 1935; baseline 0.001 -26"><span class='ocrx_word' id='word_1_154' title='bbox 44 1869 47 1871; x_wconf 67' lang='grc'><strong><em>’</em></strong></span> <span class='ocrx_word' id='word_1_155' title='bbox 80 1860 248 1924; x_wconf 89' lang='lat' dir='ltr'>sent,</span> <span class='ocrx_word' id='word_1_156' title='bbox 316 1846 375 1909; x_wconf 89' lang='lat' dir='ltr'>in</span> <span class='ocrx_word' id='word_1_157' title='bbox 432 1869 662 1911; x_wconf 92' lang='lat' dir='ltr'>omnem</span> <span class='ocrx_word' id='word_1_158' title='bbox 707 1857 1036 1931; x_wconf 85' lang='lat' dir='ltr'>temporum</span> <span class='ocrx_word' id='word_1_159' title='bbox 1071 1856 1495 1929; x_wconf 40' lang='lat' dir='ltr'>‚aeternitatem</span> <span class='ocrx_word' id='word_1_160' title='bbox 1530 1846 1820 1910; x_wconf 88' lang='lat' dir='ltr'>inservire</span> <span class='ocrx_word' id='word_1_161' title='bbox 1846 1848 1995 1935; x_wconf 90' lang='lat' dir='ltr'>ipsis</span> 
     </span>
    </p>
   </div>
   <div class='ocr_carea' id='block_1_13' title="bbox 75 1919 1997 2273">
    <p class='ocr_par' dir='ltr' id='par_1_13' title="bbox 75 1919 1997 2273">
     <span class='ocr_line' id='line_1_22' title="bbox 77 1919 1997 2019; baseline 0.001 -23"><span class='ocrx_word' id='word_1_162' title='bbox 77 1932 286 1997; x_wconf 90' lang='lat' dir='ltr'>teneri.</span> <span class='ocrx_word' id='word_1_163' title='bbox 314 1940 364 2013; x_wconf 85' lang='lat'>8)</span> <span class='ocrx_word' id='word_1_164' title='bbox 410 1935 775 1994; x_wconf 89' lang='lat' dir='ltr'>Daemonem</span> <span class='ocrx_word' id='word_1_165' title='bbox 804 1931 1019 1992; x_wconf 91' lang='lat' dir='ltr'>malum</span> <span class='ocrx_word' id='word_1_166' title='bbox 1058 1919 1306 2016; x_wconf 72' lang='lat' dir='ltr'>Ordog</span> <span class='ocrx_word' id='word_1_167' title='bbox 1339 1931 1657 2009; x_wconf 87' lang='lat' dir='ltr'>vocabant,</span> <span class='ocrx_word' id='word_1_168' title='bbox 1705 1931 1997 2019; x_wconf 89' lang='lat' dir='ltr'>hujusque</span> 
     </span>
     <span class='ocr_line' id='line_1_23' title="bbox 75 2016 1993 2105; baseline 0 -24"><span class='ocrx_word' id='word_1_169' title='bbox 75 2019 237 2082; x_wconf 87' lang='lat' dir='ltr'>velut</span> <span class='ocrx_word' id='word_1_170' title='bbox 273 2018 529 2081; x_wconf 91' lang='lat' dir='ltr'>omnium</span> <span class='ocrx_word' id='word_1_171' title='bbox 561 2017 717 2079; x_wconf 88' lang='lat' dir='ltr'>inter</span> <span class='ocrx_word' id='word_1_172' title='bbox 753 2016 921 2078; x_wconf 88' lang='lat' dir='ltr'>vivos</span> <span class='ocrx_word' id='word_1_173' title='bbox 954 2016 1346 2080; x_wconf 86' lang='lat' dir='ltr'>calamitatum</span> <span class='ocrx_word' id='word_1_174' title='bbox 1382 2019 1643 2081; x_wconf 87' lang='lat' dir='ltr'>auctoris</span> <span class='ocrx_word' id='word_1_175' title='bbox 1675 2019 1822 2095; x_wconf 90' lang='lat' dir='ltr'>vim,</span> <span class='ocrx_word' id='word_1_176' title='bbox 1869 2019 1993 2105; x_wconf 89' lang='lat' dir='ltr'>qui-</span> 
     </span>
     <span class='ocr_line' id='line_1_24' title="bbox 77 2101 1994 2191; baseline 0 -25"><span class='ocrx_word' id='word_1_177' title='bbox 77 2104 191 2166; x_wconf 91' lang='lat' dir='ltr'>bus</span> <span class='ocrx_word' id='word_1_178' title='bbox 241 2104 393 2167; x_wconf 87' lang='lat' dir='ltr'>male</span> <span class='ocrx_word' id='word_1_179' title='bbox 429 2104 676 2178; x_wconf 88' lang='lat' dir='ltr'>vellent,</span> <span class='ocrx_word' id='word_1_180' title='bbox 721 2101 1234 2188; x_wconf 76' lang='lat' dir='ltr'>imprecabantur,</span> <span class='ocrx_word' id='word_1_181' title='bbox 1264 2114 1357 2180; x_wconf 82' lang='lat' dir='ltr'>et,</span> <span class='ocrx_word' id='word_1_182' title='bbox 1401 2103 1536 2188; x_wconf 89' lang='lat' dir='ltr'>quia</span> <span class='ocrx_word' id='word_1_183' title='bbox 1568 2103 1994 2191; x_wconf 88' lang='lat' dir='ltr'>implacabilem</span> 
     </span>
     <span class='ocr_line' id='line_1_25' title="bbox 85 2186 1472 2273; baseline 0 -22"><span class='ocrx_word' id='word_1_184' title='bbox 85 2189 483 2266; x_wconf 80' lang='lat' dir='ltr'>crediderant,</span> <span class='ocrx_word' id='word_1_185' title='bbox 530 2188 689 2251; x_wconf 91' lang='lat' dir='ltr'>nullo</span> <span class='ocrx_word' id='word_1_186' title='bbox 723 2186 1125 2273; x_wconf 83' lang='lat' dir='ltr'>dignabantur</span> <span class='ocrx_word' id='word_1_187' title='bbox 1159 2188 1472 2251; x_wconf 90' lang='lat' dir='ltr'>sacrificio.</span> 
     </span>
    </p>
   </div>
   <div class='ocr_carea' id='block_1_14' title="bbox 211 2403 1997 2474">
    <p class='ocr_par' dir='ltr' id='par_1_14' title="bbox 211 2403 1997 2474">
     <span class='ocr_line' id='line_1_26' title="bbox 211 2403 1997 2474; baseline 0 -19"><span class='ocrx_word' id='word_1_188' title='bbox 211 2403 263 2474; x_wconf 75' lang='lat'>4)</span> <span class='ocrx_word' id='word_1_189' title='bbox 311 2406 490 2456; x_wconf 85' lang='lat' dir='ltr'>Confer</span> <span class='ocrx_word' id='word_1_190' title='bbox 529 2406 791 2455; x_wconf 88' lang='lat' dir='ltr'>Liedeman</span> <span class='ocrx_word' id='word_1_191' title='bbox 832 2405 1010 2455; x_wconf 87' lang='lat' dir='ltr'>Gesch.</span> <span class='ocrx_word' id='word_1_192' title='bbox 1042 2405 1129 2454; x_wconf 88' lang='lat' dir='ltr'>der</span> <span class='ocrx_word' id='word_1_193' title='bbox 1158 2405 1479 2470; x_wconf 84' lang='lat' dir='ltr'>Meinungen‚</span> <span class='ocrx_word' id='word_1_194' title='bbox 1524 2406 1608 2455; x_wconf 87' lang='grc' dir='ltr'>ΙΙΙ.</span> <span class='ocrx_word' id='word_1_195' title='bbox 1643 2406 1782 2455; x_wconf 89' lang='lat' dir='ltr'>Theil</span> <span class='ocrx_word' id='word_1_196' title='bbox 1813 2407 1871 2455; x_wconf 92' lang='lat' dir='ltr'>de</span> <span class='ocrx_word' id='word_1_197' title='bbox 1904 2407 1997 2455; x_wconf 89' lang='lat' dir='ltr'>Sa—</span> 
     </span>
    </p>
   </div>
   <div class='ocr_carea' id='block_1_15' title="bbox 9 2489 1993 2556">
    <p class='ocr_par' dir='ltr' id='par_1_15' title="bbox 9 2489 1993 2556">
     <span class='ocr_line' id='line_1_27' title="bbox 9 2489 1993 2556; baseline 0.001 -16"><span class='ocrx_word' id='word_1_198' title='bbox 9 2522 22 2532; x_wconf 84' lang='lat'>·</span> <span class='ocrx_word' id='word_1_199' title='bbox 81 2491 296 2551; x_wconf 80' lang='lat' dir='ltr'>moedis3</span> <span class='ocrx_word' id='word_1_200' title='bbox 329 2497 377 2540; x_wconf 91' lang='lat' dir='ltr'>et</span> <span class='ocrx_word' id='word_1_201' title='bbox 404 2492 584 2540; x_wconf 79' lang='lat' dir='ltr'>Gorres</span> <span class='ocrx_word' id='word_1_202' title='bbox 612 2491 978 2556; x_wconf 79' lang='lat' dir='ltr'>Mythengesch.</span> <span class='ocrx_word' id='word_1_203' title='bbox 1014 2491 1101 2540; x_wconf 88' lang='lat' dir='ltr'>der</span> <span class='ocrx_word' id='word_1_204' title='bbox 1130 2491 1423 2540; x_wconf 85' lang='lat' dir='ltr'>asiatischen</span> <span class='ocrx_word' id='word_1_205' title='bbox 1452 2491 1580 2540; x_wconf 84' lang='lat' dir='ltr'>Welt</span> <span class='ocrx_word' id='word_1_206' title='bbox 1616 2489 1667 2540; x_wconf 90' lang='lat'>1.</span> <span class='ocrx_word' id='word_1_207' title='bbox 1689 2491 1746 2540; x_wconf 90' lang='lat' dir='ltr'>B.</span> <span class='ocrx_word' id='word_1_208' title='bbox 1780 2508 1830 2555; x_wconf 90' lang='lat' dir='ltr'>p.</span> <span class='ocrx_word' id='word_1_209' title='bbox 1857 2489 1993 2541; x_wconf 78' lang='lat'><strong>210.</strong></span> 
     </span>
    </p>
   </div>
   <div class='ocr_carea' id='block_1_16' title="bbox 219 2590 1992 2655">
    <p class='ocr_par' dir='ltr' id='par_1_16' title="bbox 219 2590 1992 2655">
     <span class='ocr_line' id='line_1_28' title="bbox 219 2590 1992 2655; baseline -0.001 -16"><span class='ocrx_word' id='word_1_210' title='bbox 219 2593 265 2652; x_wconf 85' lang='lat'>5)</span> <span class='ocrx_word' id='word_1_211' title='bbox 311 2591 539 2639; x_wconf 87' lang='lat' dir='ltr'>Radicem</span> <span class='ocrx_word' id='word_1_212' title='bbox 571 2591 697 2640; x_wconf 91' lang='lat' dir='ltr'>hanc</span> <span class='ocrx_word' id='word_1_213' title='bbox 729 2591 875 2640; x_wconf 85' lang='lat' dir='ltr'>refert</span> <span class='ocrx_word' id='word_1_214' title='bbox 905 2591 1120 2640; x_wconf 79' lang='lat' dir='ltr'>Eskutt</span> <span class='ocrx_word' id='word_1_215' title='bbox 1151 2590 1388 2655; x_wconf 83' lang='lat' dir='ltr'>(juratus)</span> <span class='ocrx_word' id='word_1_216' title='bbox 1421 2598 1468 2640; x_wconf 86' lang='lat' dir='ltr'>et</span> <span class='ocrx_word' id='word_1_217' title='bbox 1499 2591 1716 2639; x_wconf 76' lang='lat' dir='ltr'>eskuv6</span> <span class='ocrx_word' id='word_1_218' title='bbox 1751 2597 1992 2649; x_wconf 80' lang='lat' dir='ltr'>nostrum,</span> 
     </span>
    </p>
   </div>
   <div class='ocr_carea' id='block_1_17' title="bbox 21 2670 1999 2742">
    <p class='ocr_par' dir='ltr' id='par_1_17' title="bbox 21 2670 1999 2742">
     <span class='ocr_line' id='line_1_29' title="bbox 21 2670 1999 2742; baseline -0.001 -16"><span class='ocrx_word' id='word_1_219' title='bbox 21 2670 27 2679; x_wconf 42' lang='lat'><strong>⁸</strong></span> <span class='ocrx_word' id='word_1_220' title='bbox 85 2677 214 2742; x_wconf 91' lang='lat' dir='ltr'>quod</span> <span class='ocrx_word' id='word_1_221' title='bbox 260 2683 422 2726; x_wconf 86' lang='lat' dir='ltr'>actum</span> <span class='ocrx_word' id='word_1_222' title='bbox 466 2676 735 2726; x_wconf 86' lang='lat' dir='ltr'>solemnem</span> <span class='ocrx_word' id='word_1_223' title='bbox 774 2683 910 2725; x_wconf 85' lang='lat' dir='ltr'>notat</span> <span class='ocrx_word' id='word_1_224' title='bbox 951 2677 1094 2725; x_wconf 87' lang='lat' dir='ltr'>[idem</span> <span class='ocrx_word' id='word_1_225' title='bbox 1136 2682 1442 2725; x_wconf 86' lang='lat' dir='ltr'>sacramento</span> <span class='ocrx_word' id='word_1_226' title='bbox 1483 2675 1836 2740; x_wconf 85' lang='lat' dir='ltr'>obstringendi.</span> <span class='ocrx_word' id='word_1_227' title='bbox 1884 2676 1999 2725; x_wconf 89' lang='lat' dir='ltr'>Vide</span> 
     </span>
    </p>
   </div>
   <div class='ocr_carea' id='block_1_18' title="bbox 87 2759 916 2826">
    <p class='ocr_par' dir='ltr' id='par_1_18' title="bbox 87 2759 916 2826">
     <span class='ocr_line' id='line_1_30' title="bbox 87 2759 916 2826; baseline 0 -15"><span class='ocrx_word' id='word_1_228' title='bbox 87 2760 230 2811; x_wconf 84' lang='lat' dir='ltr'>etiam</span> <span class='ocrx_word' id='word_1_229' title='bbox 263 2761 374 2812; x_wconf 86' lang='lat' dir='ltr'>Not.</span> <span class='ocrx_word' id='word_1_230' title='bbox 408 2761 552 2810; x_wconf 88' lang='lat' dir='ltr'>Belae</span> <span class='ocrx_word' id='word_1_231' title='bbox 583 2762 702 2826; x_wconf 85' lang='lat' dir='ltr'>Reg.</span> <span class='ocrx_word' id='word_1_232' title='bbox 739 2777 782 2811; x_wconf 91' lang='lat' dir='ltr'>c.</span> <span class='ocrx_word' id='word_1_233' title='bbox 819 2759 916 2811; x_wconf 81' lang='lat'>27.</span> 
     </span>
    </p>
   </div>
   <div class='ocr_carea' id='block_1_19' title="bbox 87 2855 2007 3183">
    <p class='ocr_par' dir='ltr' id='par_1_19' title="bbox 87 2855 2007 3183">
     <span class='ocr_line' id='line_1_31' title="bbox 219 2855 1995 2927; baseline -0.001 -16"><span class='ocrx_word' id='word_1_234' title='bbox 219 2863 267 2923; x_wconf 79' lang='lat'>⁶)</span> <span class='ocrx_word' id='word_1_235' title='bbox 311 2862 358 2911; x_wconf 89' lang='lat' dir='ltr'>Is</span> <span class='ocrx_word' id='word_1_236' title='bbox 391 2862 628 2911; x_wconf 88' lang='lat' dir='ltr'>Dominus</span> <span class='ocrx_word' id='word_1_237' title='bbox 662 2861 880 2911; x_wconf 90' lang='lat' dir='ltr'>omnium</span> <span class='ocrx_word' id='word_1_238' title='bbox 911 2862 1039 2927; x_wconf 90' lang='lat' dir='ltr'>apud</span> <span class='ocrx_word' id='word_1_239' title='bbox 1070 2861 1214 2911; x_wconf 85' lang='lat' dir='ltr'>Belae</span> <span class='ocrx_word' id='word_1_240' title='bbox 1245 2861 1364 2925; x_wconf 85' lang='lat' dir='ltr'>Reg.</span> <span class='ocrx_word' id='word_1_241' title='bbox 1398 2861 1509 2910; x_wconf 86' lang='lat' dir='ltr'>Not.</span> <span class='ocrx_word' id='word_1_242' title='bbox 1544 2878 1587 2910; x_wconf 89' lang='lat' dir='ltr'>c.</span> <span class='ocrx_word' id='word_1_243' title='bbox 1626 2857 1723 2920; x_wconf 86' lang='lat'>39,</span> <span class='ocrx_word' id='word_1_244' title='bbox 1758 2855 1863 2920; x_wconf 66' lang='lat'>46,</span> <span class='ocrx_word' id='word_1_245' title='bbox 1898 2855 1995 2918; x_wconf 65' lang='grc'>49,</span> 
     </span>
     <span class='ocr_line' id='line_1_32' title="bbox 92 2942 2007 3012; baseline 0.001 -19"><span class='ocrx_word' id='word_1_246' title='bbox 92 2942 199 3007; x_wconf 80' lang='lat'>503</span> <span class='ocrx_word' id='word_1_247' title='bbox 264 2948 392 3010; x_wconf 89' lang='lat' dir='ltr'>apud</span> <span class='ocrx_word' id='word_1_248' title='bbox 452 2948 636 2997; x_wconf 88' lang='lat' dir='ltr'>Chron.</span> <span class='ocrx_word' id='word_1_249' title='bbox 681 2948 833 2996; x_wconf 86' lang='lat' dir='ltr'>Thur.</span> <span class='ocrx_word' id='word_1_250' title='bbox 880 2947 1010 2996; x_wconf 86' lang='lat' dir='ltr'>Part.</span> <span class='ocrx_word' id='word_1_251' title='bbox 1051 2947 1112 2996; x_wconf 91' lang='lat' dir='ltr'>ll.</span> <span class='ocrx_word' id='word_1_252' title='bbox 1164 2963 1208 2996; x_wconf 90' lang='lat' dir='ltr'>c.</span> <span class='ocrx_word' id='word_1_253' title='bbox 1246 2942 1300 2996; x_wconf 88' lang='lat'>3.</span> <span class='ocrx_word' id='word_1_254' title='bbox 1364 2947 1479 2996; x_wconf 90' lang='lat' dir='ltr'>Vide</span> <span class='ocrx_word' id='word_1_255' title='bbox 1526 2947 1665 3012; x_wconf 89' lang='lat' dir='ltr'>plura</span> <span class='ocrx_word' id='word_1_256' title='bbox 1710 2946 1759 2995; x_wconf 88' lang='lat' dir='ltr'>in</span> <span class='ocrx_word' id='word_1_257' title='bbox 1806 2946 2007 2995; x_wconf 86' lang='lat' dir='ltr'>classica</span> 
     </span>
     <span class='ocr_line' id='line_1_33' title="bbox 87 3030 2000 3097; baseline 0 -18"><span class='ocrx_word' id='word_1_258' title='bbox 87 3030 357 3080; x_wconf 86' lang='lat' dir='ltr'>Cornidesii</span> <span class='ocrx_word' id='word_1_259' title='bbox 387 3032 570 3082; x_wconf 86' lang='lat' dir='ltr'>Disser.</span> <span class='ocrx_word' id='word_1_260' title='bbox 606 3033 665 3082; x_wconf 92' lang='lat' dir='ltr'>de</span> <span class='ocrx_word' id='word_1_261' title='bbox 695 3043 856 3082; x_wconf 82' lang='lat' dir='ltr'>vetere</span> <span class='ocrx_word' id='word_1_262' title='bbox 887 3033 1050 3097; x_wconf 88' lang='lat' dir='ltr'>Hung.</span> <span class='ocrx_word' id='word_1_263' title='bbox 1084 3032 1335 3097; x_wconf 85' lang='lat' dir='ltr'>religione,</span> <span class='ocrx_word' id='word_1_264' title='bbox 1372 3032 1461 3081; x_wconf 91' lang='lat' dir='ltr'>alia</span> <span class='ocrx_word' id='word_1_265' title='bbox 1492 3033 1607 3082; x_wconf 84' lang='lat' dir='ltr'>item</span> <span class='ocrx_word' id='word_1_266' title='bbox 1625 3032 1766 3081; x_wconf 88' lang='lat' dir='ltr'>Joan.</span> <span class='ocrx_word' id='word_1_267' title='bbox 1789 3031 2000 3080; x_wconf 74' lang='lat' dir='ltr'>Horvath</span> 
     </span>
     <span class='ocr_line' id='line_1_34' title="bbox 88 3114 1320 3183; baseline 0.001 -17"><span class='ocrx_word' id='word_1_268' title='bbox 88 3115 276 3166; x_wconf 88' lang='lat' dir='ltr'>Canon.</span> <span class='ocrx_word' id='word_1_269' title='bbox 310 3117 575 3181; x_wconf 87' lang='lat' dir='ltr'>Veszprim.</span> <span class='ocrx_word' id='word_1_270' title='bbox 610 3118 659 3166; x_wconf 86' lang='lat' dir='ltr'>in</span> <span class='ocrx_word' id='word_1_271' title='bbox 691 3116 816 3166; x_wconf 87' lang='lat' dir='ltr'>Tud.</span> <span class='ocrx_word' id='word_1_272' title='bbox 851 3118 1007 3183; x_wconf 75' lang='lat' dir='ltr'>Gyujt.</span> <span class='ocrx_word' id='word_1_273' title='bbox 1059 3134 1102 3167; x_wconf 87' lang='lat' dir='ltr'>a.</span> <span class='ocrx_word' id='word_1_274' title='bbox 1143 3114 1320 3167; x_wconf 89' lang='lat'><strong>1817.</strong></span> 
     </span>
    </p>
   </div>
   <div class='ocr_carea' id='block_1_20' title="bbox 219 3207 1995 3382">
    <p class='ocr_par' dir='ltr' id='par_1_20' title="bbox 219 3207 1995 3382">
     <span class='ocr_line' id='line_1_35' title="bbox 219 3207 1995 3283; baseline -0.001 -18"><span class='ocrx_word' id='word_1_275' title='bbox 219 3219 266 3278; x_wconf 81' lang='lat'>⁷)</span> <span class='ocrx_word' id='word_1_276' title='bbox 311 3217 410 3266; x_wconf 85' lang='lat' dir='ltr'>Vox</span> <span class='ocrx_word' id='word_1_277' title='bbox 448 3217 535 3266; x_wconf 88' lang='lat' dir='ltr'>Dei</span> <span class='ocrx_word' id='word_1_278' title='bbox 566 3224 614 3266; x_wconf 83' lang='lat' dir='ltr'>et</span> <span class='ocrx_word' id='word_1_279' title='bbox 642 3217 813 3283; x_wconf 88' lang='lat' dir='ltr'>Populi</span> <span class='ocrx_word' id='word_1_280' title='bbox 844 3219 1115 3283; x_wconf 85' lang='lat' dir='ltr'>hungarici.</span> <span class='ocrx_word' id='word_1_281' title='bbox 1166 3218 1335 3268; x_wconf 87' lang='lat' dir='ltr'>Simon</span> <span class='ocrx_word' id='word_1_282' title='bbox 1367 3219 1426 3267; x_wconf 91' lang='lat' dir='ltr'>de</span> <span class='ocrx_word' id='word_1_283' title='bbox 1458 3215 1582 3265; x_wconf 83' lang='lat' dir='ltr'>Keza</span> <span class='ocrx_word' id='word_1_284' title='bbox 1611 3214 1766 3263; x_wconf 89' lang='lat' dir='ltr'>Podh.</span> <span class='ocrx_word' id='word_1_285' title='bbox 1813 3229 1863 3278; x_wconf 88' lang='lat' dir='ltr'>p.</span> <span class='ocrx_word' id='word_1_286' title='bbox 1902 3207 1995 3263; x_wconf 87' lang='lat'>17.</span> 
     </span>
     <span class='ocr_line' id='line_1_36' title="bbox 223 3313 1995 3382; baseline -0.002 -16"><span class='ocrx_word' id='word_1_287' title='bbox 223 3319 268 3378; x_wconf 82' lang='lat'>8)</span> <span class='ocrx_word' id='word_1_288' title='bbox 317 3317 500 3366; x_wconf 87' lang='lat' dir='ltr'>Chron.</span> <span class='ocrx_word' id='word_1_289' title='bbox 534 3317 687 3366; x_wconf 90' lang='lat' dir='ltr'>Thur.</span> <span class='ocrx_word' id='word_1_290' title='bbox 720 3317 774 3366; x_wconf 90' lang='lat' dir='ltr'>P.</span> <span class='ocrx_word' id='word_1_291' title='bbox 808 3318 869 3366; x_wconf 92' lang='lat' dir='ltr'>II.</span> <span class='ocrx_word' id='word_1_292' title='bbox 904 3334 948 3366; x_wconf 90' lang='lat' dir='ltr'>c.</span> <span class='ocrx_word' id='word_1_293' title='bbox 985 3316 1092 3367; x_wconf 81' lang='lat'>25:</span> <span class='ocrx_word' id='word_1_294' title='bbox 1126 3318 1216 3368; x_wconf 86' lang='lat' dir='ltr'>Est</span> <span class='ocrx_word' id='word_1_295' title='bbox 1244 3332 1454 3382; x_wconf 87' lang='lat' dir='ltr'>namque</span> <span class='ocrx_word' id='word_1_296' title='bbox 1485 3316 1607 3365; x_wconf 88' lang='lat' dir='ltr'>fides</span> <span class='ocrx_word' id='word_1_297' title='bbox 1639 3313 1995 3378; x_wconf 79' lang='lat' dir='ltr'>Scythicorum,</span> 
     </span>
    </p>
   </div>
   <div class='ocr_carea' id='block_1_21' title="bbox 0 3398 1999 3467">
    <p class='ocr_par' dir='ltr' id='par_1_21' title="bbox 0 3398 1999 3467">
     <span class='ocr_line' id='line_1_37' title="bbox 0 3398 1999 3467; baseline -0.002 -15"><span class='ocrx_word' id='word_1_298' title='bbox 0 3412 2 3421; x_wconf 81' lang='grc'>’</span> <span class='ocrx_word' id='word_1_299' title='bbox 91 3409 143 3452; x_wconf 83' lang='lat' dir='ltr'>ut</span> <span class='ocrx_word' id='word_1_300' title='bbox 189 3418 511 3467; x_wconf 87' lang='lat' dir='ltr'>quoscunque</span> <span class='ocrx_word' id='word_1_301' title='bbox 556 3402 769 3452; x_wconf 84' lang='lat' dir='ltr'>viventes</span> <span class='ocrx_word' id='word_1_302' title='bbox 818 3401 1125 3463; x_wconf 85' lang='lat' dir='ltr'>occiderent,</span> <span class='ocrx_word' id='word_1_303' title='bbox 1192 3403 1241 3453; x_wconf 88' lang='lat' dir='ltr'>in</span> <span class='ocrx_word' id='word_1_304' title='bbox 1288 3403 1381 3453; x_wconf 86' lang='lat' dir='ltr'>alio</span> <span class='ocrx_word' id='word_1_305' title='bbox 1429 3399 1595 3450; x_wconf 86' lang='lat' dir='ltr'>seculo</span> <span class='ocrx_word' id='word_1_306' title='bbox 1643 3398 1764 3463; x_wconf 88' lang='lat' dir='ltr'>ipsis</span> <span class='ocrx_word' id='word_1_307' title='bbox 1822 3399 1999 3449; x_wconf 87' lang='lat' dir='ltr'>servire</span> 
     </span>
    </p>
   </div>
   <div class='ocr_carea' id='block_1_22' title="bbox 0 3575 2 3582">
    <p class='ocr_par' dir='ltr' id='par_1_22' title="bbox 0 3575 2 3582">
     <span class='ocr_line' id='line_1_38' title="bbox 0 3575 2 3582; baseline 0 0"><span class='ocrx_word' id='word_1_308' title='bbox 0 3575 2 3582; x_wconf 67' lang='lat' dir='ltr'>v</span> 
     </span>
    </p>
   </div>
   <div class='ocr_carea' id='block_1_23' title="bbox 0 3641 8 3886">
    <p class='ocr_par' dir='ltr' id='par_1_23' title="bbox 0 3641 8 3886">
     <span class='ocr_line' id='line_1_39' title="bbox 0 3641 8 3886; baseline 0 0"><span class='ocrx_word' id='word_1_309' title='bbox 0 3641 8 3886; x_wconf 62' lang='grc' dir='ltr'>ἰ</span> 
     </span>
    </p>
   </div>
   <div class='ocr_carea' id='block_1_24' title="bbox 92 3493 361 3538">
    <p class='ocr_par' dir='ltr' id='par_1_24' title="bbox 92 3493 361 3538">
     <span class='ocr_line' id='line_1_40' title="bbox 92 3493 361 3538; baseline 0.004 -2"><span class='ocrx_word' id='word_1_310' title='bbox 92 3493 361 3538; x_wconf 83' lang='lat' dir='ltr'>teneantur.</span> 
     </span>
    </p>
   </div>
  </div>
 </body>
</html>
