2384 3886
1974 204 2054 259 91

44 347 51 351 ’
125 363 228 407 arte
258 355 441 420 magiS‚
495 371 641 421 quam
681 355 857 405 virtute
886 351 1108 401 Belisarii
1140 352 1357 417 superati
1390 353 1514 403 ultra
1547 325 2059 417 quoque⁶Bizantino-

125 456 234 490 rum
264 439 490 490 meditari
523 440 722 490 exitium
753 436 1065 497 videbantur)
1096 436 1283 486 Ducem
1315 436 1446 486 bello
1476 437 1766 498 lacesseret,
1803 434 2058 500 sequentia

23 575 29 578 ,
121 525 362 575 reddidit:
406 525 607 574 minime
639 523 729 572 sibi
759 521 896 586 pium
928 536 984 570 ac
1016 521 1200 570 decens
1231 520 1362 569 fore:
1399 536 1572 570 omnes
1603 537 1722 571 suos
1754 520 2058 571 contribules

123 609 183 659 ad
213 609 603 659 internecionem
633 620 791 670 usque
823 605 1016 667 delere3
1057 619 1152 669 per
1177 603 1328 666 haec,
1370 604 1647 669 inquiebat,
1690 606 1787 655 hoc
1817 620 2058 669 asseque-

122 709 259 755 mur,
314 699 368 743 ut
415 696 760 757 superessent,
813 690 897 755 qui
944 689 1147 739 eadem
1184 688 1409 752 lingva,
1456 695 1602 752 atque
1639 705 1732 739 nos
1779 695 2054 749 uterentur,

122 779 293 828 eadem
322 764 656 837 habitatione,
693 774 900 826 eodem
931 774 1180 834 vestitu,
1227 779 1373 838 atque
1406 773 1578 822 eadem
1608 774 1798 823 vivendi
1835 773 2054 834 ratione3

120 862 331 927 denique
360 859 419 909 hi
451 875 686 925 quoque
717 867 834 910 sunt
863 859 1020 910 nostri
1054 857 1429 922 consangvinei‚
1478 857 1697 922 quamvis
1728 854 1834 907 aliis
1871 857 2058 908 Duci-

118 946 228 996 bus
258 950 476 1012 pareant.

991 1109 1034 1184 ς
1078 1110 1178 1168 29.

116 1258 347 1310 Partem
387 1259 447 1309 in
487 1258 665 1308 Dacia
703 1258 1085 1323 perstitisse,
1138 1258 1354 1323 hisque
1394 1257 1635 1308 Siculos
1678 1256 1876 1307 editos
1917 1272 2054 1306 esse

335 1357 701 1423 MajoribuS,
742 1358 996 1409 traditio
1029 1363 1120 1408 est
1150 1373 1436 1423 perquam
1469 1356 1825 1422 probabiliS.

285 1522 410 1583 Pro
463 1518 726 1606 posteris
761 1522 1119 1583 Hunnorum
1155 1542 1224 1582 se
1265 1518 1457 1582 Siculi
1491 1541 1726 1604 quoque
1760 1517 1821 1579 in
1861 1517 2054 1580 Dacia

64 1664 66 1666 .
114 1605 345 1682 ferunt,
399 1605 790 1702 nitunturque
841 1604 1187 1668 testimonio
1219 1603 1464 1668 Notarii
1515 1604 1700 1666 Belae
1747 1602 1939 1688 Regis
2003 1609 2051 1682 ¹)

105 1692 231 1776 jam
265 1713 374 1775 per
405 1713 474 1752 se
505 1688 904 1786 amplissimo,
952 1689 1059 1752 sed
1092 1688 1253 1786 quod
1269 1689 1465 1776 paullo
1499 1688 1778 1764 inferius,
1812 1686 1949 1749 dum
1980 1686 2052 1749 de

33 1807 35 1811 ·
114 1797 314 1838 rerum
335 1773 803 1859 hungaricarum
837 1798 945 1862 per
978 1777 1326 1837 Pannonlas
1368 1773 1557 1836 initiis
1607 1796 1805 1835 sermo
1853 1771 2052 1848 fuerit,

115 1882 269 1923 novo
314 1857 597 1922 reddetur
627 1872 984 1944 argumento
1025 1858 1397 1945 locupletius
1452 1858 1535 1921 Hi
1577 1857 1652 1919 ab
1693 1856 1901 1920 ultima
1937 1857 2052 1920 ori-

112 1943 258 2028 gine
290 1943 499 2030 stirpis
540 1966 748 2006 omnes
788 1943 987 2022 liberi,
1042 1955 1358 2031 postquam
1418 1941 1709 2005 vocabulo
1765 1941 1905 2004 huic
1948 1965 2051 2004 no-

112 2028 317 2091 bilium
336 2028 635 2091 successit
661 2028 960 2116 apellatio,
997 2028 1232 2092 nobiles
1261 2039 1404 2091 sunt
1435 2049 1660 2091 omnes.
1705 2029 1945 2090 Nomen
1976 2025 2051 2087 iis

112 2135 149 2176 a
186 2113 506 2176 vernaculo
559 2116 747 2199 szt'ig,
803 2114 898 2177 vel
948 2137 1104 2200 szeg
1157 2125 1218 2177 et
1266 2112 1411 2198 hely
1459 2110 1774 2194 (extremis
1822 2110 2054 2174 scilicet

112 2198 339 2262 Daciae
361 2197 736 2279 recessibus)
773 2211 901 2277 est,
946 2198 1008 2260 in
1048 2198 1220 2284 queis
1257 2210 1418 2285 «post
1461 2198 1760 2283 collapsas
1800 2200 2051 2258 Hunno-

112 2306 242 2346 rum
289 2306 391 2346 res
431 2282 862 2361 consederunt,
910 2283 1050 2346 olim
1079 2282 1436 2358 finitimis,
1483 2280 2050 2366 custudibusque

112 2367 409 2431 limitum
441 2368 618 2453 regni
653 2369 887 2432 cunctis
915 2391 1244 2445 commune,
1278 2365 1385 2430 sed
1408 2369 1535 2453 jam
1569 2365 1683 2429 soli
1710 2365 1849 2428 huic
1881 2363 2049 2451 genti

113 2453 434 2539 proprium.
481 2453 673 2516 Siculi
710 2454 873 2517 nullo
899 2453 961 2515 in
997 2476 1069 2517 ea
1105 2450 1428 2515 solitudine
1462 2474 1597 2514 cum
1630 2451 1857 2514 exteris
1895 2472 2051 2513 com—

111 2536 333 2600 mercio
356 2537 586 2623 juncti,
623 2538 928 2625 proprium
965 2541 1324 2601 Hunnorum
1351 2536 1689 2622 ingenium,
1737 2535 1877 2621 quin
1903 2534 2048 2596 illud

113 2621 381 2685 moribus
426 2622 766 2708 peregrinis
818 2621 1227 2684 demutaretur
1249 2669 1265 2698 ,
1338 2632 1774 2684 conservarunt
1839 2617 2048 2681 diutis-

113 2706 292 2781 sime3
348 2729 508 2768 nunc
562 2707 720 2783 enim
764 2705 879 2769 hoc
924 2730 1044 2769 uno
1084 2729 1121 2768 a
1153 2705 1372 2768 ceteris
1407 2704 1692 2791 gentibus
1728 2725 2050 2767 secernun—

111 2803 242 2869 tur,
297 2790 453 2878 quod
502 2814 637 2853 cum
692 2789 1061 2854 humanitate
1118 2791 1402 2876 cultuque
1459 2788 1705 2867 harum,
1772 2787 2048 2852 militaris

252 2987 295 3046 ¹)
342 2986 462 3051 Cap.
507 2985 605 3037 50.
648 2994 738 3049 „et
769 3002 943 3038 omnes
975 2988 1150 3050 Siculi,
1196 2988 1280 3054 qui
1321 2987 1483 3053 primo
1524 2994 1664 3038 erant
1692 2984 1865 3052 populi
1894 2983 2046 3033 Atilae

114 3069 287 3134 RegiS‚
322 3068 511 3120 obviam
541 3071 745 3137 pacifice
775 3076 1077 3129 venerunt.“
1111 3073 1284 3123 Simon
1315 3073 1376 3123 de
1406 3072 1532 3123 Keza
1570 3072 1604 3122 l.
1635 3070 1688 3122 1.
1722 3087 1832 3135 cap.
1859 3063 1927 3118 lt:
1961 3067 2047 3116 Isti

114 3154 244 3204 enim
285 3154 475 3216 Saculi,
528 3155 822 3207 Hunnorum
861 3164 978 3207 sunt
1014 3157 1217 3208 residui.
1264 3157 1417 3208 Plura·
1440 3157 1547 3207 vide
1577 3156 1709 3222 apud
1737 3156 1918 3204 Anton.
1950 3152 2048 3201 Ve-

114 3245 241 3289 rant.
282 3239 333 3288 in
376 3238 558 3304 Script.
601 3240 723 3290 min.
764 3241 980 3292 Kovach.
1025 3249 1064 3292 t.
1096 3242 1159 3292 11.
1200 3257 1314 3307 pag.
1353 3238 1684 3292 106--109
1725 3245 1775 3288 et
1820 3235 2047 3302 inprimis

115 3323 159 3372 J.
197 3323 389 3389 Kallay,
438 3323 522 3389 qui
557 3323 685 3373 libro
726 3324 985 3389 singulari:
1034 3326 1267 3377 Historiai
1305 3326 1557 3376 ertekezes
1596 3340 1624 3374 a
1654 3338 1826 3373 nemes
1858 3319 2047 3384 szekely

116 3415 309 3459 nemzet
338 3407 634 3469 eredeterol,
669 3407 784 3458 hadi
814 3412 868 3458 es
898 3409 1087 3475 polgari
1117 3410 1421 3462 intezeteirol
1451 3424 1477 3458 a
1509 3408 1612 3474 regi
1642 3406 1874 3458 iddkben.
1914 3405 2047 3470 Nagy

115 3491 283 3557 Enyed
319 3489 508 3554 1829,
551 3493 611 3544 de
643 3499 789 3558 gente
820 3492 913 3544 hac
942 3495 1148 3546 meritus
1180 3502 1257 3546 est
1287 3493 1499 3560 egregie.
