2384 3886
422 208 545 266 254

425 342 635 430 piendo
674 360 848 401 sacro
884 336 1046 398 fonte
1089 335 1405 398 contentio·
1434 335 1686 398 molesta
1721 335 2129 399 praeconibus
2158 350 2339 402 esset.

419 433 738 510 Utcunque
782 435 982 484 tamen
1034 419 1182 484 haec
1229 419 1382 494 sint3
1449 443 1542 483 me
1592 420 1645 481 si
1692 419 1928 497 audias,
1987 422 2186 508 quiqui
2218 439 2340 486 'seu

419 508 712 598 Stephani
744 531 853 569 seu
873 510 1000 593 jam
1040 508 1287 591 Geyzae
1327 517 1549 582 aetate,
1613 506 1670 568 in
1719 504 1897 591 hujus
1922 518 2153 592 partem
2181 508 2342 570 labo-

417 598 502 661 ris
544 605 861 659 venerunt:
907 603 1200 656 venerunt
1246 614 1386 655 vero
1435 591 1636 678 primi,
1693 590 1791 677 qui
1821 592 2140 668 Sal-ostam,
2182 595 2342 678 Gey-

420 707 527 746 zae
548 694 795 767 nuptam
817 678 974 742 Duci
997 677 1449 754 comitabantur,
1480 677 1646 740 latini
1666 674 1874 740 deinde
1898 700 1967 739 ac
1989 678 2338 764 praesertim

418 769 656 832 sodales
679 791 726 829 s.
749 764 1090 838 Benedicti3
1127 762 1338 826 horum
1362 775 1427 826 tu
1460 763 1753 826 neminem
1761 766 1932 849 justa
1962 762 2264 851 impensae
2283 763 2343 827 in

415 846 907 943 propagationem
929 848 1239 936 religionis
1260 847 1415 935 apud
1429 852 1570 910 Hun
1622 872 1760 911 aros
1785 871 1999 935 operae
2020 848 2194 911 laude
2224 848 2343 911 fru-

418 939 742 1012 straveris3
784 937 943 999 feres
975 949 1173 999 tamen
1206 933 1408 1009 simul,
1443 956 1556 1018 quo
1625 933 1836 996 dicam:
1883 934 1999 996 alia
2028 957 2167 997 esse
2193 941 2346 1015 (rem

417 1027 470 1088 si
507 1026 598 1088 ira
637 1036 697 1088 et
745 1021 942 1086 studio
989 1019 1215 1107 procul,
1259 1018 1518 1106 penitius
1554 1018 1964 1106 introspicias)
2046 1042 2191 1107 rope
2225 1043 2346 1082 ma-

406 1116 577 1198 jora,
639 1133 788 1195 quae
836 1109 1052 1170 Clerus
1088 1105 1442 1189 Hungariae
1472 1127 1589 1167 non
1627 1117 1750 1167 tam
1775 1104 1874 1167 ille
1900 1043 2163 1191 quidem,
2206 1129 2339 1192 per-

418 1221 566 1282 egre
602 1193 721 1257 huc
757 1193 857 1279 qui
900 1192 1133 1255 delatus
1179 1203 1304 1268 est,
1350 1213 1541 1276 neque
1571 1213 1796 1276 paucos
1827 1213 2035 1276 parum
2071 1203 2249 1277 grato
2280 1192 2341 1253 in

414 1306 544 1345 eam
579 1280 772 1343 animo
810 1277 1079 1365 hospites
1113 1276 1302 1350 dedit3
1367 1299 1540 1363 quam
1602 1275 1697 1338 hic
1740 1275 1800 1338 in
1827 1276 1984 1339 ulnis
2019 1280 2148 1362 ejus
2178 1276 2346 1362 geni-

416 1382 518 1432 tus
580 1365 973 1454 (patriotae
1019 1362 1078 1426 in
1123 1361 1379 1448 legenda
1417 1361 1473 1424 b.
1525 1361 1777 1425 Gerardi
1814 1375 2105 1426 vocantur
2137 1369 2190 1442 4)
2240 1386 2348 1450 per

418 1477 591 1519 omne
629 1474 838 1516 aevum
882 1448 1294 1513 intermedium
1328 1447 1414 1511 ita
1450 1461 1761 1535 praestare
1793 1448 2235 1534 perseveravit,
2259 1459 2349 1510 -ut

418 1542 606 1604 altero
635 1549 775 1625 post
806 1535 1100 1605 conditam
1136 1557 1367 1597 summa
1395 1534 1753 1597 Praesulum
1785 1537 1915 1621 ejus
1952 1556 2062 1622 ope
2092 1557 2143 1596 a.
2179 1541 2344 1596 1222

417 1627 652 1689 Bullam
676 1646 918 1686 auream
937 1619 1220 1684 Andreae
1241 1623 1319 1682 ll.
1337 1619 1408 1683 de
1424 1643 1475 1682 a.
1497 1627 1659 1681 1231
1684 1622 1966 1697 Decreto‚
1986 1618 2345 1706 Archi-Epi-

418 1712 603 1798 scopi,
634 1707 918 1797 Episcopi
944 1706 1166 1770 diserte
1186 1708 1309 1803 jam
1339 1728 1463 1792 pro
1498 1727 1903 1792 pauperum,
1959 1704 2346 1768 infractae-

418 1822 549 1885 que
599 1793 968 1860 libertatis
1021 1790 1458 1869 vindicibUS,
1514 1789 1776 1877 ordoque
1818 1813 2049 1869 eorum,
2101 1814 2210 1877 pro
2242 1813 2345 1878 po-

417 1896 641 1948 testate
662 1904 835 1944 sacro
868 1891 1079 1942 sancta
1108 1889 1318 1941 contra
1347 1877 1465 1939 vim
1504 1875 2022 1962 Olygarcharum,
2083 1876 2159 1940 ad
2182 1874 2345 1940 auxi-

417 1971 560 2032 lium
592 1966 842 2054 legitimi
869 1964 1030 2049 juris
1068 1975 1295 2040 erecta,
1337 1985 1446 2050 per
1489 1962 1770 2050 populum
1804 1963 2224 2027 celebraretur.
2249 1967 2302 2043 5)
2358 2011 2360 2014 s

414 2157 534 2207 bant
555 2155 860 2221 Episcopum
891 2151 1218 2218 praedicando
1250 2158 1300 2201 et
1328 2150 1620 2216 baptizando
1651 2149 1907 2215 populum,
1940 2163 2031 2214 per
2060 2164 2186 2214 quos
2215 2148 2344 2213 apli-

414 2242 616 2292 cabatur
645 2239 856 2291 Domino
886 2237 1259 2288 innumerabilis
1290 2236 1597 2286 credentium
1628 2235 1918 2295 multitudo,
1947 2247 2166 2299 'quorum
2197 2233 2339 2284 obla·-

413 2329 574 2379 tiones
607 2331 863 2390 susceptas
893 2325 944 2374 in
974 2323 1149 2373 urbem
1178 2322 1542 2373 transmittebat
1570 2321 1906 2372 Morisenam“
1940 2326 2036 2370 cet.

548 2415 598 2475 4)
643 2411 783 2477 Apud
813 2410 1052 2474 Batthyan
1082 2425 1132 2474 p.
1170 2405 1310 2459 328.
1459 2404 1461 2406 ’

549 2501 596 2560 5)
641 2498 741 2547 Art.
792 2495 847 2546 2.
894 2492 1074 2545 1231.
1129 2494 1335 2544 Praelati
1381 2493 1685 2544 Eclesiarum
1732 2498 1782 2541 et
1827 2489 2256 2556 Archi-‚Episcopi
2292 2496 2341 2539 et

415 2584 670 2651 Episcopi,
704 2584 764 2632 ad
783 2597 1057 2647 pauperum
1088 2580 1446 2646 querimoniam
1476 2579 1768 2630 audiendam
1789 2584 1837 2626 et
1865 2576 2099 2627 infractae
2128 2576 2252 2626 forte
2277 2575 2341 2624 li-

414 2671 616 2722 bertatis
648 2667 1071 2720 confirmationem
1102 2673 1334 2717 tenentur
1361 2666 1602 2716 interesse
1621 2663 1820 2731 judiciis
1844 2661 1989 2712 Albae
2013 2661 2335 2713 celebrandis,

1281 2877 1324 2953 g
1368 2879 1466 2935 67.

935 3030 993 3079 in
1025 3037 1337 3093 utramque
1367 3043 1548 3093 remp.
1583 3027 1816 3086 merita,

587 3180 802 3246 Omnia
835 3179 1100 3266 profecto
1148 3199 1338 3263 usque
1380 3175 1451 3238 ad
1488 3187 1740 3238 aetatem
1772 3196 1942 3236 suam
1986 3170 2333 3258 Hungariae

412 3281 679 3354 tempora
706 3266 899 3329 animo
935 3264 1276 3351 complexus
1314 3275 1407 3325 est
1435 3261 1699 3325 Mathias
1734 3259 2060 3337 CorvinuS‚
2106 3258 2243 3321 dum
2270 3255 2331 3317 in

413 3378 538 3416 suis
569 3354 641 3416 ad
673 3353 924 3415 Paulum
939 3353 1026 3413 11.
1055 3353 1230 3413 Pont.
1262 3353 1423 3412 Max.
1460 3348 1532 3412 de
1568 3371 1618 3411 a.
1643 3353 1809 3411 1465
1841 3345 2032 3410 literis
2063 3351 2109 3425 1)
2145 3345 2330 3405 Prae-

551 3538 598 3607 1)
643 3539 742 3589 Has
772 3539 986 3602 integras
1018 3536 1150 3588 dedit
1180 3535 1366 3586 Katona
1405 3535 1463 3583 T.
1497 3535 1594 3584 XV.
1635 3549 1685 3598 p.
1725 3528 1820 3582 78.
1863 3536 1957 3587 cet.
