2384 3886
386 182 511 240 186

386 319 741 408 proprioque
776 321 1010 402 Regum
1046 315 1220 403 apud
1251 319 1579 403 Hungaros
1609 293 1899 382 Justitiae
1927 275 2298 403 symbolo‚l³)

387 406 722 490 copulatum
747 402 958 466 deinde
991 402 1149 465 aliud
1191 415 1286 466 est
1320 420 1438 466 non
1471 403 1664 467 minus
1697 403 1949 467 sublime
1980 403 2298 482 honori-s,

385 503 628 554 auctore
658 489 873 552 Carolo
906 488 1198 565 Roberto‚
1233 488 1332 574 qui
1357 489 1580 576 primus
1612 515 1687 554 ex
1717 489 1819 553 illo
1845 489 1907 551 in
1934 489 2298 553 Eclesia-tri-

383 575 586 639 bunali
615 574 867 661 equiteS‚
901 587 969 638 ut
991 573 1105 636 dici
1127 587 1303 651 amat,
1337 588 1579 652 auratos
1613 599 1855 639 creasse
1879 575 2083 639 fertur.
2129 575 2300 651 Quod

385 661 704 724 etiamnum
729 684 845 723 usu
866 660 1052 735 venit3
1090 683 1227 722 nam
1253 660 1452 746 prisca
1477 661 1648 725 Juris
1677 685 1784 749 per
1810 665 2040 748 Regem
2063 659 2302 722 vixdum

385 759 731 810 coronatum
792 745 1027 810 dicundi
1077 745 1440 809 consuetudo
1491 770 1607 809 non
1655 749 1813 811 ultra
1860 759 2114 811 aetatem
2153 745 2300 808 Vla-

385 833 558 897 dislai
585 836 662 894 11.
701 831 1148 895 observabatur.
1171 838 1224 909 ⁴)
1271 831 1394 894 Sed
1426 831 1572 895 haec
1607 832 1930 910 hactenuS,
1983 854 2170 917 eaque
2206 854 2302 893 so-

383 920 505 983 lum
534 941 743 995 causa,
790 931 855 982 ut
889 930 1124 981 constet
1160 916 1340 979 ritum
1411 940 1603 1003 uoque
1635 917 2036 982 coronationis
2070 919 2304 1001 Regum

314 1014 317 1020 '
385 1028 527 1068 suas
548 1003 833 1067 habuisse
860 1004 1040 1078 viceS‚
1066 1003 1125 1064 in
1145 1001 1359 1087 quibus
1425 1003 1794 1068 escribendis
1818 1003 2074 1068 nondum
2099 1024 2304 1065 omnes

385 1090 674 1154 historiae
709 1087 936 1152 numeri
974 1086 1231 1150 absoluti
1266 1101 1423 1151 sunt.
1476 1091 1556 1152 Et
1586 1087 1657 1153 de
1678 1093 2015 1176 juramento
2053 1088 2304 1174 inaugu-

383 1176 494 1239 rali
527 1175 786 1261 quidem,
825 1173 978 1260 quod
1007 1173 1340 1259 quaeritur,
1376 1173 1592 1260 quibus
1620 1173 1680 1237 id
1705 1176 1905 1240 verbis
1931 1173 2105 1263 primi
2137 1177 2305 1237 Hun-

384 1262 591 1348 gariae
637 1264 841 1346 Reges
883 1259 1180 1323 dixerint?
1224 1258 1435 1322 horum
1457 1263 1857 1347 juramentum
1888 1261 1960 1325 de
1993 1282 2140 1348 pace
2175 1271 2307 1323 tan-

383 1361 509 1411 tum
549 1358 610 1409 et
643 1345 883 1433 justitia
929 1345 1118 1416 fuisse
1146 1343 1286 1406 mihi
1330 1369 1716 1432 persuasum:
1762 1345 2137 1434 sed-quando
2170 1367 2307 1407 nam
2370 1349 2374 1355 ’

386 1431 460 1496 ad
500 1445 763 1496 veterem
797 1431 1258 1518 generalemque
1301 1429 1477 1518 hujus
1541 1431 1885 1511 formulam,
1945 1455 2110 1495 more
2152 1428 2308 1518 apud
2368 1462 2372 1463 ff

387 1520 536 1582 alias
582 1540 813 1604 quoque
857 1530 1073 1603 gentes
1117 1541 1236 1580 non
1282 1515 1557 1594 insolit0,
1617 1518 1907 1605 speciales
1936 1515 2309 1605 providentia

386 1608 684 1692 Majorum
716 1602 946 1666 additae
970 1603 1318 1666 cautiones?
1365 1602 1579 1689 quibus
1601 1603 1712 1667 hae
1747 1617 1807 1667 et
1841 1602 1996 1690 quod
2045 1603 2164 1665 Dlu
2214 1625 2308 1664 os-

388 1715 494 1753 sus
539 1693 666 1776 jam
702 1692 1108 1775 juramentum
1136 1688 1355 1775 apellat
1389 1688 1721 1766 „solitum
1763 1688 1842 1753 de
1878 1688 2078 1753 fideli
2108 1711 2144 1751 a
2198 1688 2308 1748 mi-

388 1776 824 1839 nistratione
859 1774 1113 1861 regni“
1161 1787 1508 1862 conceptum
1560 1774 1809 1838 verbis?
1862 1799 2003 1863 pars
2059 1772 2308 1860 denique

390 1862 822 1948 augustissima
864 1861 1018 1924 ritus
1036 1910 1051 1938 ,
1086 1872 1154 1923 ut
1185 1859 1438 1923 formula
1461 1860 1820 1924 sacramenti
1849 1859 2162 1949 prolixior,
2191 1883 2310 1922 non

388 1948 448 2010 in
491 1948 754 2017 Eclesia,
796 1970 1001 2010 verum
1036 1946 1147 2009 sub
1182 1945 1304 2022 dio,
1362 1947 1607 2033 locoque
1637 1945 1821 2024 edito,
1881 1959 1943 2011 et
1980 1969 2179 2010 coram
2208 1969 2311 2034 po-.

391 2033 529 2121 pulo
583 2032 865 2097 universo
918 2057 1026 2120 per
1079 2035 1310 2118 Regem
1347 2035 1494 2119 jam
1543 2045 1949 2097 coronatum
1995 2031 2310 2110 diceretur,

523 2282 571 2342 3)
618 2280 853 2331 Satisfieri
902 2280 1087 2346 patriae
1140 2280 1485 2331 consuetudini
1531 2280 1646 2330 huic
1695 2280 1835 2341 olim,
1886 2278 1961 2328 sin
2008 2277 2171 2341 aliter,
2221 2266 2311 2344 per

393 2367 651 2433 quamdam
684 2367 844 2416 saltim
876 2366 1122 2416 simulacri
1153 2366 1369 2432 speciem
1401 2365 1585 2416 debuit.
1618 2366 1690 2416 De
1719 2364 1942 2415 Ladislao
1975 2363 2137 2429 itaque
2167 2369 2312 2431 post-2

391 2455 543 2503 humo
580 2453 646 2524 ita
688 2468 732 2502 c.
767 2469 814 2502 o.
855 2469 992 2502 num.
1029 2449 1104 2503 89
1149 2453 1250 2514 „do
1289 2459 1432 2517 trueg
1460 2468 1574 2502 man
1597 2451 1653 2517 jn
1683 2452 1735 2502 in
1767 2451 1889 2502 sand
1918 2449 2309 2512 Peterskirchen‚

392 2540 454 2590 do
485 2546 619 2589 must
647 2538 727 2588 ich
753 2538 809 2605 jn
839 2539 990 2588 wider
1019 2538 1263 2589 aufheben
1293 2554 1382 2588 aus
1413 2538 1501 2588 der
1529 2538 1735 2603 wiegen‚
1767 2537 1869 2588 und
1900 2541 2031 2585 milst
2054 2535 2110 2602 jn
2140 2543 2313 2602 tragen

392 2643 451 2675 zu
482 2626 640 2674 einem
673 2623 825 2684 smel,
857 2625 960 2674 und
988 2631 1122 2674 must
1145 2624 1202 2689 jn
1234 2624 1292 2673 da
1323 2624 1464 2673 nider
1495 2630 1688 2683 semen,
1721 2623 1792 2673 als
1824 2623 1882 2672 da
1915 2621 2200 2682 Gewonhait
2227 2621 2310 2682 ist,

393 2712 480 2762 daz
503 2710 645 2776 jeder
673 2711 807 2775 kung
836 2711 924 2760 der
954 2711 1013 2760 da
1045 2711 1281 2776 gekronet
1308 2710 1417 2760 wirt
1446 2710 1506 2760 da
1538 2710 1612 2759 sol
1642 2709 1794 2775 nyder
1824 2708 2025 2758 siczen“
2058 2714 2154 2758 cet.

524 2827 573 2886 4)
618 2826 812 2876 Bonfin.
854 2827 913 2876 de
952 2842 1123 2877 coron.
1164 2826 1297 2876 Vlad.
1331 2826 1392 2875 II.
1438 2810 1630 2887 „sacris
1670 2825 1763 2875 rite
1798 2822 2010 2895 peractis
2051 2838 2165 2873 cum
2195 2822 2312 2873 uni-

397 2927 533 2961 versa
570 2911 672 2960 Rex
708 2911 1018 2961 multitudine
1057 2912 1117 2961 ad
1154 2911 1205 2960 b.
1248 2911 1379 2960 Petri
1422 2911 1674 2961 basilicam
1724 2908 2000 2968 contendit,
2048 2908 2212 2974 ibique
2261 2908 2312 2958 in
2379 2975 2381 2977 ι

395 3003 563 3063 parato
595 2996 716 3046 solio
747 2997 947 3058 resedit,
980 2998 1097 3046 dum
1128 2996 1477 3061 aliquantisper
1497 2995 1580 3061 jus
1604 2996 1778 3046 dicit.“
1811 2994 1882 3044 De
1902 3010 2074 3044 coron.
2100 2994 2244 3044 Ferd.
2269 2993 2309 3044 Ι.

397 3084 524 3132 hanc
554 3083 605 3132 in
635 3098 738 3132 rem
770 3082 976 3132 Ursinus
1006 3082 1166 3131 Velius
1196 3081 1333 3131 nihil.
1370 3082 1615 3132 Solemnia
1645 3097 1815 3131 coron.
1845 3078 2152 3130 Maximiliani
2183 3079 2313 3143 (vide

398 3170 447 3218 in
484 3169 608 3234 App.
650 3168 793 3229 Belii)
834 3169 954 3218 haec
993 3167 1270 3218 continent:
1321 3167 1416 3229 „In
1465 3167 1641 3217 eclesia
1678 3172 1891 3217 monast.
1933 3165 2048 3228 (ΡΡ.
2091 3164 2228 3215 sodal
2266 3180 2308 3215 s·

398 3255 572 3306 Franc.
613 3253 801 3314 Poson)
842 3260 1117 3303 exstructus
1156 3253 1243 3302 fuit
1283 3253 1407 3302 altus
1447 3259 1495 3302 ct
1530 3253 1656 3303 latus
1693 3253 1927 3313 thronuS‚
1968 3266 2117 3301 aureo
2149 3266 2309 3316 panno
2375 3305 2378 3307 Α

398 3346 606 3400 stratuS‚
648 3340 696 3390 in
735 3340 830 3391 hoc
869 3340 969 3389 Rex
1009 3339 1255 3399 consedit,
1298 3355 1387 3403 per
1416 3339 1511 3388 hoc
1543 3339 1601 3388 (16
1634 3353 1797 3388 more
1828 3337 1894 3386 ab
1924 3337 2172 3401 antiquo
2204 3335 2311 3385 oh-

400 3431 630 3474 servato
671 3426 1007 3475 demonstrare
1038 3424 1230 3484 volem,
1272 3440 1324 3474 se
1354 3431 1577 3490 paratum
1608 3423 1863 3483 omnibuS‚
1907 3422 2040 3473 omni
2069 3429 2307 3487 tempore,

395 3508 684 3574 judicium
715 3517 770 3559 et
794 3510 1090 3575 justitiam
1123 3510 1523 3561 administrare.“
2252 3517 2255 3520 '
