2384 3886
0 854 5 898 ὲ

1906 208 2029 264 369

957 454 997 528 g
1046 457 1182 513 176.

179 621 337 671 Onus
370 619 778 684 expeditionis
808 618 1065 668 bellicae
1097 620 1167 667 ad
1200 620 1554 683 quindenam
1588 620 1954 669 restrictum.

184 766 193 774 '
277 783 448 846 Bella
487 805 633 845 aevo
672 779 866 846 medio
904 781 1127 868 impetu
1160 781 1384 867 magiS,
1433 805 1605 866 quam
1642 804 2029 868 perseveran-

109 870 194 932 tia
228 881 432 955 gesta,
479 880 833 953 tempusque
861 866 1104 930 militiae
1141 867 1201 928 in
1242 867 1459 929 castris
1500 867 1802 930 obeundae
1835 867 2028 952 spatio

106 955 293 1030 brevi,
319 967 379 1017 et
409 954 547 1039 lege
576 951 810 1039 quidem
856 953 1055 1015 Caroli
1089 956 1170 1016 M.
1224 952 1379 1040 apud
1420 953 1662 1029 Gallos,
1718 952 2030 1015 Wilhelmi

106 1039 542 1126 Conquestoris
580 1037 735 1125 apud
780 1039 881 1099 An
932 1038 1023 1101 los
1059 1037 1455 1124 quadraginta
1490 1038 1794 1102 definitum
1821 1037 2030 1100 diebus

106 1138 253 1189 erat·
282 1133 327 1205 ¹)
385 1124 573 1202 Quod<
605 1146 738 1186 cum
791 1126 889 1185 Ha
913 1124 1075 1186 lerus
1129 1123 1532 1188 Sismondium
1581 1136 1826 1186 secutus
1877 1122 2030 1210 apud

104 1235 216 1275 nos
250 1211 324 1274 ad
360 1211 662 1274 trimestre
688 1207 1018 1296 protendit,
1065 1233 1185 1273 non
1221 1210 1321 1273 ille
1353 1209 1587 1296 quidem
1622 1222 1749 1272 tota
1779 1233 1874 1286 re,
1922 1208 2030 1272 sed

105 1296 472 1384 temporibus
515 1306 693 1359 errat.
744 1297 967 1380 Liquet
1006 1294 1160 1357 enim
1202 1318 1276 1359 ex
1322 1299 1591 1381 Regesto
1635 1294 2030 1381 Sigismundi‚

106 1381 399 1446 communi
454 1381 644 1444 adhuc
691 1383 820 1466 ejus
864 1380 1080 1444 aetatis
1122 1380 1417 1444 hominum
1460 1382 1783 1445 sententia:
1837 1379 2028 1444 Nobi-

105 1469 194 1531 les
243 1469 400 1530 serre
447 1491 597 1530 onus
649 1467 949 1549 exercitus
995 1468 1154 1530 ultra
1197 1466 1325 1530 dies
1365 1474 1459 1530 15.
1503 1491 1620 1529 non
1660 1465 1955 1530 debuisse.
1975 1475 2028 1543 2)

105 1554 237 1616 Etsi
266 1576 408 1616 vero
440 1553 680 1616 decreto
721 1552 911 1638 Regis
972 1552 1147 1639 hujus
1190 1553 1393 1639 quinto
1431 1552 1733 1640 sapienter
1771 1565 2028 1626 cautum,

105 1641 202 1702 lex
244 1662 497 1725 namque
540 1638 825 1701 Andreae
855 1642 963 1700 ΙΙΙ.
1001 1638 1335 1702 instaurata
1379 1662 1494 1716 „ne
1537 1639 1671 1725 quis
1699 1651 1835 1701 ante
1869 1636 2028 1700 debi-

102 1738 223 1787 tam
270 1737 330 1788 et
368 1725 604 1787 finalem
649 1723 1080 1810 expeditionem
1109 1724 1249 1787 belli
1292 1724 1421 1787 sine
1468 1724 1706 1797 licentia
1748 1721 2028 1787 recedere

104 1812 330 1885 311511ςίί
355 1834 507 1873 311110
525 1823 723 1873 13111611
743 1817 904 1872 1485
926 1811 1313 1874 constitutum
1338 1810 1540 1873 itidem
1560 1824 1677 1873 est:
1702 1809 2027 1872 exercitum

105 1897 449 1982 generalem
485 1920 602 1959 non
645 1896 801 1958 ultra
835 1895 1090 1958 confinia
1129 1908 1187 1959 et
1217 1909 1407 1958 metas
1439 1897 1616 1980 regni
1653 1895 2026 1958 exercituali-

0 1974 6 2006 ἶ
101 1994 198 2045 161·
220 1981 519 2069 proficisci
543 1981 780 2058 debere,
806 1980 905 2043 uhi
930 1981 982 2043 si
1005 1981 1224 2045 inimici
1253 1981 1565 2057 desuerlnt,
1593 1981 1784 2043 solum
1809 2002 1917 2067 per
1945 1987 2025 2041 15

102 2067 330 2131 dierum
364 2068 619 2154 spatium
655 2079 714 2129 et
741 2089 860 2129 non
892 2067 1145 2152 amplius
1179 2066 1239 2127 in
1264 2066 1533 2129 exercitu
1564 2066 1670 2128 tali
1696 2088 1921 2129 moram
1943 2065 2026 2127 fa-

103 2152 370 2217 ciendam
432 2177 596 2226 esse;
661 2152 905 2238 antiqua
963 2150 1394 2214 consuetudine
1445 2151 1621 2236 regni
1666 2152 2023 2237 requirente.

100 2241 236 2301 Lex
262 2238 461 2324 itaque
480 2261 542 2300 a.
574 2245 736 2299 1463
769 2249 876 2314 „ut
901 2237 1201 2299 exercitus
1226 2243 1399 2317 (tunc
1420 2236 1826 2323 conscriptus)
1852 2236 2025 2300 duret

102 2323 256 2386 infra
279 2336 406 2388 tres
434 2331 716 2387 menses“
745 2345 863 2385 non
892 2325 1135 2407 antiqua
1161 2321 1392 2407 regula,
1428 2334 1493 2383 ut
1520 2321 1864 2385 auctoribus
1899 2321 2020 2384 illis

99 2408 438 2486 videbatur,
500 2408 605 2472 sed
650 2408 918 2493 exceptio
968 2420 1090 2484 est,
1151 2407 1404 2470 conditis
1445 2407 1654 2471 deinde
1687 2408 1748 2470 in
1777 2431 2019 2471 sensum

101 2492 259 2558 hunc
290 2495 562 2582 pluribus
599 2494 836 2580 legibus
877 2492 950 2555 ad
983 2493 1232 2578 regulae
1257 2492 1373 2555 vim
1402 2493 1648 2557 elevata.
1669 2500 1721 2574 3)

237 2681 280 2740 ¹)
327 2679 492 2728 Haller
521 2680 747 2729 Restaur.
784 2679 870 2728 der
903 2679 1124 2729 Staatsw.
1167 2680 1222 2728 T.
1258 2680 1318 2729 ΙΙ.
1364 2697 1413 2744 p.
1453 2647 1547 2729 77.

231 2767 278 2826 2)
323 2764 437 2814 Vide
479 2764 703 2830 inprimis
746 2765 942 2829 Regest.
989 2765 1184 2829 Sigism.
1226 2764 1284 2814 R.
1324 2765 1431 2814 Jam
1470 2765 1584 2814 Bela
1617 2765 1691 2813 lv.
1734 2765 1782 2813 in
1821 2766 1891 2814 lit.
1926 2782 2015 2830 pro

22 2841 24 2844 ’
100 2850 345 2915 Ingersics
370 2857 418 2899 et
440 2850 544 2899 aliis
571 2865 724 2912 „cum
747 2850 904 2899 tribus
929 2850 1172 2915 equitibus
1203 2850 1494 2915 pharetratis
1524 2851 1574 2900 in
1603 2850 1816 2915 propriis
1842 2851 2020 2900 sumti—

99 2934 211 2996 bus;
244 2935 304 2985 ad
334 2933 406 2985 15
434 2936 555 2997 dies,
591 2935 681 2985 sub
711 2935 999 2984 banderium
1020 2936 1227 3000 Regium
1252 2952 1536 3001 comparere
1559 2937 1714 3001 parati
1740 2937 1863 2995 sint;
1899 2952 2016 2985 evo—

32 3016 37 3021 *
99 3020 214 3070 lutis
252 3020 344 3070 illis
374 3021 425 3070 in
456 3021 615 3071 usuali
647 3021 922 3086 stipendiali
954 3021 1127 3071 salario
1160 3028 1208 3071 et
1239 3021 1480 3071 sumtibus
1510 3022 1724 3087 Regum,
1767 3037 1862 3085 quo
1888 3020 2013 3085 jussi

100 3105 296 3167 fuerint,
330 3107 563 3157 famulare
598 3110 918 3156 teneantur.“
959 3107 1066 3156 Huc
1092 3107 1276 3157 faciunt
1309 3107 1387 3156 illa
1417 3107 1627 3157 Verantii
1662 3105 2012 3171 „objectabant

94 3191 178 3254 jus
196 3191 373 3239 veteris
403 3190 656 3252 libertatiS‚
693 3207 786 3256 qua
809 3206 910 3240 non
933 3192 1056 3241 ultra
1079 3192 1357 3256 quindecim
1384 3193 1486 3241 dies
1507 3193 1556 3240 in
1579 3191 1707 3240 bello
1734 3207 1841 3240 esse
1866 3199 2012 3241 tene-

103 3279 312 3324 rentur“
345 3276 474 3340 apud
504 3276 689 3326 Katona
721 3277 846 3325 Hist.
882 3277 999 3325 Crit.
1045 3278 1100 3325 T.
1134 3277 1259 3326 XXI.
1301 3294 1350 3342 p.
1391 3275 1568 3326 1096.

237 3362 282 3421 3)
321 3360 458 3425 Apud
480 3361 670 3410 Siculos
690 3361 902 3423 interim,
933 3362 972 3410 si
993 3368 1161 3411 contra
1183 3362 1508 3411 occidentales
1528 3363 1821 3413 movendum
1841 3363 2011 3412 hostes

102 3446 217 3507 suit,
251 3455 389 3495 vetus
421 3447 726 3495 consuetudo
759 3446 962 3506 mansit,
998 3454 1050 3496 ut
1080 3462 1179 3496 non
1210 3448 1334 3496 ultra
1366 3448 1588 3512 quintum
1614 3448 1854 3498 decimum
1883 3449 2009 3498 diem

105 3537 372 3595 sequantur
401 3538 587 3592 castra,
619 3532 681 3580 ita
709 3533 816 3580 Ant.
840 3533 1030 3580 Verant.
1062 3532 1188 3581 inter
1208 3533 1383 3597 Script.
1407 3532 1525 3582 min.
1549 3533 1759 3583 Kovach.
1793 3550 1841 3598 p.
1871 3529 2006 3583 108.

1593 3614 1670 3667 24
