2384 3886
27 3441 42 3444 Ι

1926 224 2039 279 331

149 359 255 420 ciis
306 359 715 445 generalibus,
781 371 839 422 et
877 359 1038 428 omni.
1083 360 1318 423 omnino.
1362 361 1910 447 congregationum
1942 360 2046 424 hu-

138 444 399 529 jusmodi
417 467 658 531 genere,
692 441 942 530 proximi
973 443 1384 508 exstimatione
1406 445 1801 523 habebantur,
1849 447 1947 534 qui
1975 471 2048 510 ex

147 553 376 616 quaque
399 529 595 617 populi
620 530 813 591 classe
855 527 1193 605 adfuerunt,
1253 530 1555 594 seniores,
1612 532 2046 618 Analphabetis

144 615 298 678 enim
362 615 579 678 seculis
610 613 704 676 his
732 626 791 677 et
822 612 1102 676 memoria
1129 616 1614 678 consuetudinum
1643 617 1949 691 avitarum,
1985 631 2047 682 et

142 700 215 764 ad
261 723 528 777 causam,
582 722 696 785 qua
734 697 807 762 de
844 697 1162 784 agebatur,
1206 722 1279 761 ex
1310 700 1757 788 municipalibus
1789 703 2043 790 partium

10 786 50 833 '³²¹'-
140 785 243 848 lite
282 785 583 872 agentium
610 783 848 871 juribus
881 782 1328 871 expediendam,
1366 788 1826 872 promtissimum
1857 790 1914 851 in
1946 788 2041 852 his

139 883 269 934 erat
303 870 625 934 consilium.

138 1056 308 1123 giones
339 1056 499 1106 Castri
529 1063 577 1106 et
604 1055 905 1107 Eclesiarum
940 1063 988 1106 et
1016 1056 1095 1107 alii
1126 1065 1470 1119 convenerant,
1502 1074 1592 1124 per
1621 1058 1820 1108 eosdem
1844 1059 2041 1110 univer-

137 1158 221 1192 sos
263 1142 346 1192 filii
384 1141 504 1192 Jurk
541 1141 809 1192 latrones
850 1141 1142 1192 exstiterunt
1182 1142 1420 1204 accusati,
1466 1143 1788 1193 mediantibus
1832 1160 1949 1209 ergo
1994 1152 2043 1196 et

138 1227 558 1278 consentientibus
578 1228 806 1278 omnibus
827 1234 921 1277 cet.
946 1226 1171 1277 duximus
1191 1243 1300 1277 esse
1321 1229 1738 1278 condemnandoS.
1771 1228 1864 1279 Lit.
1887 1228 2036 1280 Palat.

135 1313 319 1363 Nicolai
357 1329 400 1362 a.
440 1307 595 1363 1343
639 1313 689 1362 in
728 1313 1118 1378 Congregatione
1156 1312 1368 1377 generali
1398 1314 1626 1364 omnihus
1655 1314 1906 1364 Nobilibus
1939 1315 2041 1365 Co-

134 1398 331 1459 mitatus
363 1398 421 1447 de
451 1398 682 1464 Bodrogh
712 1399 918 1458 indicta,
953 1414 1064 1447 cum
1095 1398 1327 1448 nostris
1356 1398 1791 1449 Assessoribus
1817 1400 2038 1465 juratis

133 1499 223 1550 per
251 1483 570 1548 provinciales
600 1483 742 1534 nobis
773 1483 1112 1548 assignatis
1144 1490 1192 1533 et
1212 1483 1465 1534 Judicibus
1487 1484 1723 1534 nobilium
1748 1481 1819 1555 (a.
1848 1479 2037 1554 1343)

131 1575 181 1619 et
218 1568 461 1619 nobilibus
502 1569 758 1619 nobiscum
801 1568 1147 1619 assidentibuS.
1210 1568 1363 1634 Atque
1412 1571 1509 1619 hoc
1557 1569 1674 1619 illud
1722 1576 1798 1620 est
1837 1571 2031 1636 Sigism.

31 1694 33 1696 .
129 1660 221 1705 art.
257 1652 311 1705 2.
358 1648 517 1704 1435
551 1654 864 1716 „Comitatus
894 1653 1136 1704 Nobilium
1170 1655 1701 1719 comprovincialiter.“

350 1906 406 1961 2.
451 1902 553 1964 De
599 1899 1049 1987 proclamatis
1095 1899 1806 1986 Congregationibus

977 2121 1020 2197 ς
1066 2123 1205 2180 132.

158 2270 225 2319 ad
273 2272 731 2335 cognoscendos
777 2273 1103 2332 violentoS‚
1152 2271 1559 2339 potentiarios
1606 2273 1778 2337 vulgo
1824 2280 2011 2324 actus,

295 2418 811 2504 Congregationes
835 2418 949 2483 hae
976 2443 1090 2483 usu
1124 2417 1308 2507 prius,
1347 2441 1518 2504 quam
1545 2418 1776 2483 nomine
1802 2418 1914 2483 hoc
1938 2443 2043 2492 co-„

127 2503 359 2588 gnitae,
407 2503 724 2592 separatim
761 2505 1001 2593 saepius
1047 2529 1154 2592 per
1194 2505 1431 2566 Missos·
1462 2505 1718 2601 Regios,
1762 2505 2031 2592 frequen-

112 2587 356 2655 tissime
402 2612 551 2687 cum·
571 2590 953 2675 generalibus
987 2589 1240 2654 ‚Iudiciis
1269 2612 1386 2737 1per
1419 2590 1754 2666 PalatinoS,
1798 2614 1914 2653 non
1944 2603 2030 2653 ta-

125 2695 258 2736 men
295 2673 614 2753 ordinarla,
661 2699 864 2738 verum
906 2675 1179 2762 delegata
1213 2674 1265 2736 si

127 2757 604 2838 celebrebantur,
649 2760 933 2847 legitimis
959 2755 1412 2848 possessoribus
1441 2781 1499 2820 ln
1518 2782 1682 2846 Jura,
1730 2759 1943 2845 quibus
1973 2760 2030 2822 vi

125 2841 356 2929 depulsi
412 2858 646 2924 essent,
702 2845 1122 2923 restituendiS,
1181 2868 1251 2908 ac
1299 2844 1630 2993 generatim
1668 2844 2031 2909 vindicandis

124 2927 517 3008 facinoribus,
564 2955 712 3017 quae
740 2933 799 2994 in
831 2935 1097 3017 Regesto
1126 2935 1296 2995 Vara
1339 2980 1350 2991 .
1386 2929 1459 2992 ad
1503 2939 1657 2992 num.
1691 2939 1815 2995 329
1850 2931 2028 2993 fore-

123 3012 384 3077 factum
429 3022 493 3095 (a
529 3016 745 3102 gallico
778 3018 871 3082 for
895 3015 1028 3097 fait)
1054 3015 1350 3080 usitatiori
1369 3026 1564 3078 autem
1581 3015 1643 3077 in
1670 3015 1904 3100 legibus
1927 3038 2028 3077 no-

1310 2673 1327 2735 i
1363 2696 1470 2771 per
1503 2677 1705 2777 sseges
1737 2687 2031 2760 potestate

38 3118 40 3122 ·
123 3098 314 3175 mine,
371 3112 566 3162 actus
616 3102 1031 3187 potentiarii
1078 3114 1379 3165 vocantur.
1449 3105 1675 3164 Horum
1725 3122 2028 3162 numerum

123 3195 259 3270 post
288 3183 510 3248 cladem
530 3187 871 3251 Tataricam
916 3186 1088 3249 nimis
1137 3210 1306 3272 quam
1353 3185 1704 3259 increvisse,
1750 3207 1856 3246 suo
1898 3184 2027 3246 loco

125 3267 482 3343 videbimus3
545 3272 745 3358 plures
800 3274 999 3357 itaque
1047 3271 1230 3334 creati
1285 3270 1540 3333 Palatini
1589 3268 1784 3330 causis
1827 3268 2027 3355 hujus-

50 3360 55 3362 ’
126 3353 278 3416 modi
337 3356 781 3440 cognoscendis,
851 3355 994 3418 Inde
1055 3356 1424 3442 Scriptorum
1486 3351 1841 3439 quorundam
1891 3376 2023 3415 con—

115 3441 375 3524 jectura:
420 3443 542 3526 jam
579 3464 614 3502 a
652 3440 935 3527 principio
982 3439 1536 3527 plures-Hungaris
1581 3438 1765 3501 fuisse
1808 3437 2024 3500 Palati-

126 3546 250 3586 nos.
308 3528 374 3586 ln
428 3547 492 3587 re
541 3547 682 3587 vera
735 3525 920 3589 altero
962 3547 1189 3610 quoque
1239 3546 1355 3588 sec.
1393 3527 1560 3586 ΧΙΙΙ.
1606 3523 1836 3587 dimidio
1891 3532 2027 3603 (nec
