2384 3886
1871 180 1993 237 357

926 422 968 498 g
1015 426 1149 481 162.

89 606 263 654 quam
303 590 361 640 in
400 589 592 639 medio
630 589 1043 653 Hungarorum
1081 590 1202 639 nati
1241 591 1336 654 qui
1376 598 1538 651 sunt,
1583 607 1688 656 per
1725 608 1784 640 se
1817 592 1991 641 etiam

501 674 741 739 explere
781 689 1078 738 nunquam
1119 674 1580 737 cunctabantur;

250 836 386 899 Etsi
431 858 571 898 vero
619 835 875 899 dubitari
919 849 1201 922 nequeat,
1264 837 1450 924 prima
1503 837 1773 901 Eclesiae
1821 843 1987 901 Hun-

7 955 23 999 ¹:
84 922 325 1008 garicae
362 933 554 984 aetate
583 919 772 984 fuisse
801 921 1140 998 PraelatOS,
1197 922 1514 1008 peregrino
1542 923 1788 985 maxime
1823 937 1987 986 ortos

81 1031 334 1093 genere,
382 1006 480 1093 qui
516 1005 703 1069 ordini
732 1031 840 1070 suo
875 1006 1170 1070 adsertam
1203 1007 1342 1069 alibi
1368 1008 1811 1087 1)·vacationem
1843 1008 1990 1070 mili-

81 1093 201 1156 tiae
224 1091 403 1155 isthic
427 1115 657 1178 quoque
690 1091 1136 1179 pertenderent,
1173 1116 1356 1179 eaque
1379 1092 1666 1179 Stephani
1699 1117 1989 1156 concessu

82 1190 418 1250 uterentur3
463 1178 600 1263 lege
631 1189 828 1241 tamen
862 1202 1051 1264 neque
1084 1177 1455 1265 StephanUS,
1502 1202 1690 1265 neque
1728 1179 1878 1241 alter
1916 1178 1988 1243 de

83 1263 270 1350 stirpe
304 1263 458 1326 virili
480 1263 788 1350 Arpadum
822 1267 951 1327 Rex
985 1263 1298 1349 quidquam
1334 1264 1529 1326 sanxit
1565 1262 1910 1349 hujusmodi.
1932 1271 1986 1344 2)

0 1362 42 1402 ⁵
77 1350 492 1412 Praelatorum
522 1372 695 1425 ver0,
744 1349 858 1435 qui
894 1373 1028 1412 non
1071 1361 1316 1411 essent
1351 1349 1817 1435 alienigenae,
1864 1349 1986 1412 sed

77 1435 523 1521 patriotae,
551 1441 601 1514 3)
654 1458 935 1498 numerus
988 1435 1166 1520 longe
1220 1434 1617 1522 amplissimus
1671 1433 1755 1497 ita
1805 1459 1840 1497 a
1882 1458 1984 1497 na-

77 1531 214 1583 tura
234 1519 344 1583 fuit
370 1519 712 1597 instinctuS,
741 1533 807 1583 ut
838 1544 953 1583 non
980 1533 1207 1583 tantum
1238 1519 1311 1582 ad
1340 1519 1672 1605 augendum
1703 1520 1984 1583 solemnis

81 1607 315 1691 Regum
342 1605 735 1668 Comitatus
763 1604 1153 1691 splendorem,
1196 1629 1399 1668 verum
1428 1604 1499 1667 ad
1525 1605 1817 1668 heroicam
1844 1629 1986 1691 quo-

80 1714 192 1776 que
225 1690 425 1776 gentis
462 1691 693 1754 laudem
723 1690 837 1777 ipsi
858 1714 1052 1754 coram
1076 1714 1182 1777 pro
1202 1690 1354 1753 virili
1386 1689 1653 1753 conferre
1682 1691 1985 1754 adlabora-

77 1789 240 1854 rent,
279 1774 540 1862 nihilque
567 1799 675 1863 per
701 1800 870 1840 omne
896 1799 1103 1839 aevum
1133 1774 1541 1839 intermedium
1571 1776 1861 1839 haberent
1885 1799 1986 1837 an-

73 1860 296 1947 tiquius
322 1910 337 1939 ,
401 1885 574 1948 quam
629 1885 704 1924 ne
760 1874 1135 1925 veterascere
1185 1861 1258 1923 ad
1312 1860 1605 1947 propriam
1638 1861 1788 1924 hanc
1826 1861 1988 1924 Cleri

79 1945 426 2032 Hungariae
462 1947 715 2032 gloriam
748 1946 1105 2010 viderentur.
1149 1945 1462 2032 Philippus
1494 1946 1655 2009 sedis
1689 1949 1987 2010 Romanae

74 2032 334 2117 legatus,
365 2030 591 2119 primus
617 2055 770 2094 anno
801 2040 965 2096 1279
994 2031 1054 2093 in
1074 2031 1318 2116 Synodo
1343 2030 1610 2094 Budensi
1639 2030 1829 2095 edicto
1854 2055 1986 2118 pro—

0 1811 19 1892 ·ws
0 1747 12 1784 §J
0 1707 7 1736 ’ἢν
6 1691 7 1694 „
0 1657 14 1678 1⁴-
3 1634 5 1638 -
0 1567 7 1611 -..-.„
0 1547 5 1557 v
0 1462 18 1537 ιγχζῖῑ
0 1431 14 1451 ,ε

22 1778 41 1789 x
30 1523 32 1526 .

209 2220 253 2279 1)
300 2217 458 2281 Capit.
501 2232 545 2266 a.
583 2215 719 2268 769.
762 2233 870 2282 cap.
908 2215 960 2267 1.
1010 2218 1169 2268 Servis
1206 2218 1291 2267 Dei
1323 2232 1414 2282 per
1443 2217 1607 2266 omnia
1627 2216 1868 2266 *omnibus
1901 2232 1987 2265 ar-

0 2320 7 2357 1
74 2310 314 2354 maturam
359 2308 556 2367 portare
602 2302 676 2352 vel
721 2318 973 2368 pugnare,
1036 2309 1119 2352 aut
1164 2303 1214 2352 in
1261 2301 1525 2352 exercitum
1571 2301 1644 2351 vel
1691 2301 1741 2350 in
1789 2302 1985 2350 hostem

2 2452 4 2458 X
54 2384 293 2455 'pergere'
316 2387 516 2437 omnino
555 2387 899 2453 prohibemuS‚
941 2388 1036 2438 nisi
1065 2388 1132 2437 illi
1170 2394 1386 2448 tantum,
1430 2387 1510 2452 qui
1539 2393 1742 2452 propter
1772 2387 1985 2436 divinum

72 2473 420 2534 ministerium,
467 2474 732 2523 missarum
771 2473 957 2523 scilicet
994 2473 1230 2523 solemnia
1267 2472 1575 2538 adimplenda
1615 2480 1663 2522 et
1705 2478 1985 2522 sanctorum

71 2558 341 2625 patrocinia
371 2559 611 2624 portanda
642 2559 703 2608 ad
732 2559 828 2609 hoc
861 2559 1001 2609 electi
1033 2565 1171 2620 sunt,
1208 2559 1258 2608 id
1288 2564 1386 2607 est:
1420 2573 1574 2607 unum
1604 2558 1678 2607 vel
1710 2558 1832 2606 duos
1861 2557 1986 2621 Epi—

19 2694 21 2696 .
74 2660 254 2710 scopos
295 2659 409 2695 cum
450 2644 750 2710 CapellaniS‚
794 2644 1092 2709 presbyteris
1130 2651 1226 2694 cet.
1274 2643 1388 2692 Vide
1426 2650 1474 2692 et
1512 2643 1754 2707 Meyerum
1789 2642 1847 2690 de
1878 2642 1984 2706 lege

74 2730 218 2796 Ripu.
252 2736 300 2779 et
319 2729 474 2794 Long.
504 2730 725 2794 factaque
755 2745 844 2795 per
872 2731 961 2779 has
992 2729 1125 2779 omni
1156 2729 1261 2778 ord.
1297 2729 1386 2777 ecl.
1419 2728 1524 2793 lege
1554 2728 1771 2777 Romana
1800 2727 1985 2776 vivendi

72 2803 315 2881 potestate
351 2815 408 2864 T.
435 2815 474 2864 Ι.
509 2831 558 2880 p.
589 2812 729 2874 292,
765 2811 904 2865 293.
951 2815 1053 2864 Hac
1083 2821 1246 2864 tamen
1275 2813 1538 2863 Pontifices
1570 2812 1852 2862 Germaniae
1883 2828 1981 2861 non

75 2916 264 2962 omneS,
296 2916 388 2950 nec
420 2900 583 2950 statim
613 2916 732 2950 usos
763 2901 914 2951 fuisse
943 2900 1145 2950 Muohar
1181 2900 1214 2949 1.
1249 2915 1293 2949 c.
1334 2915 1384 2964 p.
1420 2895 1538 2949 230
1571 2904 1793 2947 testatur.

207 2988 253 3047 2)
300 2974 454 3035 Immo
484 3001 599 3036 vero
630 2985 789 3038 Abbas
822 2986 873 3035 S.
907 2986 1099 3036 Maurit.
1134 2985 1193 3034 de
1232 2983 1319 3034 Bel
1355 3000 1399 3034 a.
1439 2981 1597 3033 1258
1640 2983 1888 3047 „populos
1920 2982 1979 3029 de

20 3075 40 3135 J
72 3070 293 3135 Nucztup
331 3071 381 3119 iu
426 3071 646 3121 ordinem
685 3077 734 3121 et
769 3087 1030 3122 numerum
1067 3070 1307 3122 Nobilium
1355 3071 1501 3119 refert
1529 3070 1619 3129 ita,
1660 3074 1712 3117 ut
1756 3066 1979 3130 quando—

75 3170 284 3220 cumque
330 3171 441 3204 eum
485 3156 560 3205 vel
596 3156 701 3222 ejus
739 3173 1054 3207 successores
1093 3156 1162 3205 ad
1201 3156 1527 3204 exercitum
1564 3151 1820 3216 regalem
1858 3151 1973 3210 ire,

21 3272 24 3275 ,
73 3241 147 3290 vel
183 3240 374 3289 mittere
413 3242 742 3305 opportuerit,
793 3258 943 3292 unum
987 3255 1099 3290 cum
1148 3255 1273 3304 equo
1322 3247 1370 3289 et
1414 3240 1505 3288 alio
1558 3236 1834 3286 necessario
1874 3235 1978 3296 (in-

73 3328 337 3386 structum)
369 3325 559 3375 mittere
590 3328 703 3377 cut'n
732 3327 914 3377 Abbate
946 3326 1018 3375 vel
1047 3325 1245 3374 homine
1277 3341 1365 3374 suo
1396 3325 1711 3372 teneantur.“
1740 3320 1835 3369 LL.
1870 3319 1971 3369 ΕΕ.

74 3411 130 3460 Τ.
155 3411 215 3461 11.
243 3426 298 3479 p.
327 3406 466 3460 393.
498 3411 678 3462 Ladisl,
710 3413 786 3462 IV.
832 3413 996 3462 literas
1028 3410 1209 3459 similes
1241 3409 1298 3458 ad
1330 3414 1358 3467 ὃ
1386 3405 1520 3457 161.
1554 3422 1604 3455 n.
1637 3403 1690 3454 2.
1731 3405 1971 3454 dedimus.

205 3497 252 3557 3)
296 3495 449 3547 Verba
478 3495 659 3561 Legen.
693 3496 807 3563 maj.
843 3497 892 3546 S.
929 3495 1039 3544 Ger.
1075 3494 1202 3558 apud
1235 3494 1289 3542 C.
1325 3494 1360 3541 Ι.
1396 3491 1629 3554 Batthyan
1661 3506 1709 3553 p.
1747 3486 1883 3540 328.
1924 3511 1927 3515 »

0 2369 11 2378 x
0 2027 21 2314 v-··M2'5-202‡42Wffl-
11 1943 23 1961 „v
14 1915 18 1922 .
