2384 3886
1882 205 2004 260 323

60 381 63 387 ·
101 341 430 417 voluerint,
501 339 579 403 ad
620 354 934 404 nostram
973 340 1358 424 jubeantur
1399 342 1638 404 venire
1678 366 2004 430 praesen-

24 511 27 514 Α
97 427 299 504 tiam,
344 450 536 514 neque
573 425 808 488 illorum
846 427 1145 488 contentio
1183 425 1321 487 alibi
1357 425 1766 512 dijudicetur“.
1783 436 1835 508 2)

231 582 277 641 2)
324 580 466 638 Quod
507 580 702 646 quidem
742 549 1247 644 Car.M.Capitu1a1-i
1290 577 1344 632 3.
1378 575 1425 631 a.
1472 580 1628 634 1812
1669 585 1718 634 in
1756 585 1876 635 haec
1913 585 2004 635 de-

0 633 40 739 3
94 666 243 716 crevit
279 665 440 715 verba.
492 666 645 730 Atque
684 664 830 730 hujus
872 680 1072 715 sensum
1112 665 1232 729 legis
1263 681 1379 730 prae
1411 683 1463 716 se
1494 670 1586 718 sert
1616 671 1767 720 semel
1798 671 2003 720 iterum-

2 732 34 871 ἔ
93 766 188 814 que
219 758 268 800 et
298 749 459 815 paullo
491 756 601 799 ante
633 750 830 800 citatum
865 766 905 799 S.
939 749 1058 800 Lad.
1091 750 1149 800 D.
1184 750 1267 799 ΙΙΙ.
1311 767 1354 799 (τ.
1386 749 1481 800 25.

0 873 35 983 Ξ

928 844 1154 918 §124

135 996 374 1060 species
420 1002 756 1055 causarum,
804 986 948 1061 quac'
995 1013 1192 1047 coram
1239 997 1413 1047 Curia
1461 995 1636 1061 Regia
1685 1001 1964 1050 suscitari

636 1089 732 1131 aut
778 1082 828 1130 ei
874 1083 1088 1131 referri
1134 1083 1448 1132 debebant.
1835 1081 1842 1091 “

24 1287 27 1289 A
257 1232 328 1291 lu
371 1229 553 1292 Curia
592 1229 780 1315 Regis
826 1230 1161 1316 agebantur
1195 1234 1430 1294 Causae
1478 1255 1680 1295 omnes
1731 1232 1803 1295 de
1841 1235 2002 1318 jure

91 1314 564 1401 proprietatis
605 1314 1073 1402 praediorum,
1136 1319 1238 1380 a'ut
1274 1316 1346 1380 de
1383 1317 1600 1394 sacto,
1669 1330 1734 1381 ut
1774 1340 1884 1380 nos
1922 1318 2003 1381 lo-

89 1399 350 1488 quimur,
399 1400 979 1486 possessionario
1014 1408 1320 1482 enatae31)
1367 1401 1653 1465 adversus
1675 1402 1888 1466 milites
1918 1416 2005 1466 ta*

86 1509 219 1548 men
264 1485 522 1567 (nobiles
551 1482 724 1549 hodie
752 1488 850 1572 qui
885 1487 1185 1568 dicuntur)
1206 1511 1419 1550 causas
1446 1486 1777 1575 hujusmodi
1806 1512 2003 1552 coram

229 1646 268 1704 ι)
313 1643 452 1693 Bulla
483 1659 626 1693 aurea
657 1643 805 1692 Andr.
841 1644 902 1693 ll.
938 1652 1030 1694 art.
1077 1642 1129 1693 5.
1188 1644 1404 1694 Comites
1442 1643 1724 1709 parochiani
1762 1643 2005 1709 praedia

0 1775 30 1783 „
88 1728 401 1779 servientium
439 1744 540 1777 non
582 1728 864 1778 discutiant.
912 1730 1016 1778 Vim
1055 1730 1250 1794 phrasis
1281 1729 1428 1795 hujus
1461 1745 1733 1793 cognosces
1764 1746 1822 1779 ex
1851 1730 2002 1780 Kitth.

87 1813 189 1864 Dir.
234 1815 388 1864 lueth.
431 1815 549 1879 Cap.
592 1814 673 1863 XI.
716 1814 914 1871 Quaest.
964 1812 1016 1864 1.
1057 1820 1086 1874 S
1120 1813 1174 1864 2.
1216 1815 1356 1880 cujus
1407 1814 1676 1864 doctrinam
1718 1816 2007 1865 confirmant

86 1899 363 1965 Diplomata
397 1906 444 1949 et
473 1915 595 1948 usus
626 1899 1013 1964 antiquissimus,
1063 1900 1133 1949 Ita
1173 1900 1296 1950 Lud.
1331 1901 1370 1950 l.
1405 1916 1449 1950 a.
1498 1895 1675 1950 1353.
1734 1900 2004 1960 „Abbatem

89 1986 139 2034 in
171 1985 303 2035 dicto
335 1985 633 2034 monasterio
663 2000 754 2050 pro
786 1992 1007 2049 tempore
1040 1986 1358 2035 constitutum
1391 1986 1554 2035 nullus
1583 1985 1811 2035 Judicum
1842 1993 1890 2036 et
1913 1987 2005 2036 Ju-

0 2078 30 2144 {s
91 2070 411 2120 stitiariorum
451 2069 589 2134 regni
628 2069 807 2129 nostri,
863 2077 1057 2134 praeter
1096 2070 1336 2120 Comitem
1374 2070 1702 2135 parochialem
1736 2071 2006 2122 Comitatus

0 2150 4 2202 ἶ
89 2156 393 2206 Castril'errei
438 2155 490 2205 in
539 2155 780 2220 aliquibus
828 2155 988 2205 causis
1039 2162 1086 2204 et
1125 2171 1382 2205 causarum
1421 2155 1736 2221 processibus
1758 2194 1771 2216 ‚
1825 2172 1925 2205 exc
1939 2172 2005 2205 e—

0 2228 37 2293 ¹}
89 2241 212 2306 ptis
243 2241 434 2291 solum
465 2240 643 2290 factis
675 2240 1213 2304 possessiouariiS‚
1261 2257 1382 2305 quae
1406 2240 1636 2305 judicio
1669 2241 1861 2290 solum
1892 2241 2003 2290 Pa-

0 2374 7 2395 ἦ
90 2326 264 2376 latini
295 2326 369 2375 vel
397 2325 633 2376 Judicis
673 2325 888 2374 Curiae
927 2333 1171 2375 nostrae
1204 2326 1271 2374 de
1307 2326 1472 2389 regni
1512 2325 1709 2375 nostri
1740 2341 2005 2376 consue-

0 2392 6 2414 ’Ξ
53 2447 62 2451 .«
90 2412 306 2462 tudine
346 2417 648 2460 reservata
687 2417 825 2469 sunt,
873 2410 1032 2475 possit
1068 2421 1116 2459 et
1155 2411 1331 2470 valeat,
1381 2411 1727 2475 quoquomodo
1763 2410 1999 2475 judicare.

21 2485 28 2523 Τ
95 2497 346 2546 Sententia
376 2497 454 2546 his
485 2501 724 2544 consonat
755 2495 930 2547 Curiae
961 2495 1137 2559 Regiae
1168 2510 1342 2544 coaeva
1381 2493 1465 2562 (C.
1499 2496 1557 2545 D.
1591 2496 1711 2545 VIII.
1746 2513 1787 2544 v.
1825 2493 1878 2546 3.
1913 2512 2005 2560 pa-

6 2643 7 2647 *
93 2582 203 2646 gina
229 2579 370 2644 158)
397 2597 486 2647 per
510 2596 653 2646 quam
679 2581 895 2630 decisum
923 2581 1061 2630 Sedis
1087 2580 1370 2645 judiciariae
1396 2581 1665 2630 Comitatus
1689 2581 2002 2631 Posoniensis

91 2667 386 2732 abrogatur,
450 2666 561 2732 quia
607 2666 822 2730 „regni
873 2666 1146 2730 Hungariae
1185 2665 1242 2715 ab
1283 2665 1481 2730 antiquo
1525 2665 1810 2730 aprohata
1854 2682 2003 2716 eon-

93 2753 346 2803 suetudo
398 2769 497 2803 non
547 2750 753 2816 alicujus
799 2750 1092 2800 parochialis
1142 2750 1346 2801 Comitis
1396 2757 1444 2800 et
1488 2750 1714 2800 Judicum
1761 2751 2003 2801 Nobilium

12 2887 14 2890 ,
91 2838 363 2903 aliquorum
405 2837 590 2903 judicio
642 2837 997 2902 perpetuari
1044 2836 1384 2902 possessiones
1430 2836 1643 2900 requirat
1680 2844 1728 2885 et
1765 2837 2000 2887 admittat.

11 2916 13 2985 ᾖ
92 2924 191 2973 Alia
224 2923 338 2973 item
371 2924 430 2973 de
461 2939 505 2972 a.
555 2918 712 2972 1357
755 2922 859 2984 (IX.
893 2938 937 2970 ν.
974 2920 1028 2970 2.
1063 2938 1112 2986 p.
1158 2917 1301 2982 585)
1340 2921 1519 2970 factum
1558 2922 2002 2986 possessionarium

13 3056 15 3059 .
93 3008 261 3058 nonin
288 3008 561 3074 praesentia
594 3007 839 3057 Comitum
871 3006 1223 3072 parochialium
1254 3006 1326 3055 vel
1356 3006 1581 3056 Judicum
1612 3007 1875 3067 nobilium,
1917 3007 2002 3056 sed

96 3094 146 3143 in
176 3100 387 3143 nostra
418 3094 491 3143 vel
520 3092 779 3142 Palatini
811 3091 1188 3156 praesentia,
1235 3093 1331 3140 fine
1363 3092 1549 3150 debito,
1597 3087 1741 3141 debet
1770 3092 2004 3141 determi-

95 3178 218 3228 nari.
265 3177 329 3228 Et
356 3179 453 3227 hoc
493 3178 686 3243 quidem
728 3178 818 3227 ita:
876 3178 1029 3238 „licet
1060 3177 1118 3226 de
1149 3178 1274 3226 sacto
1306 3176 1464 3241 jugeri
1508 3178 1664 3227 solum
1697 3177 1882 3241 grossis
1912 3177 2003 3226 ali-

96 3271 215 3328 quot
244 3263 558 3322 aestimati‚“
625 3263 841 3328 quaestio
873 3263 961 3312 fuit
992 3261 1136 3323 (VIII.
1172 3256 1226 3311 [ι.
1259 3278 1308 3327 p.
1345 3259 1491 3321 618,
1527 3260 1688 3323 662).
1737 3262 2003 3312 Latuerunt

20 3363 22 3366 ·
96 3349 216 3399 haec
243 3348 524 3407 Kollarium‚
559 3348 672 3397 dum
698 3348 756 3396 de
781 3354 1020 3412 potestate
1049 3346 1075 3396 J
1087 3346 1285 3397 udicis
1315 3346 1611 3405 Nobilium
1642 3354 1823 3412 ageret,
1855 3364 1879 3396 a
1906 3362 2000 3412 quo

98 3434 282 3485 Causas
314 3433 461 3498 hujus
493 3433 685 3496 generis
717 3432 787 3481 via
826 3432 981 3482 solum
1024 3433 1383 3497 provocationis
1414 3432 1473 3481 ad
1506 3432 1699 3482 Curiam
1729 3433 1874 3498 Regis
1914 3433 2004 3482 de-

43 3521 54 3535 *
97 3520 268 3570 ductas
301 3518 536 3569 obtendit.
582 3519 783 3568 Amoen.
818 3517 942 3567 Hist.
975 3517 1201 3582 Jurisque
1232 3517 1412 3583 publici
1444 3517 1604 3580 Hung.
1637 3518 1690 3567 V.
1724 3518 1784 3568 11.
1817 3534 1867 3583 p.
1903 3513 1999 3568 93.

1536 3599 1607 3652 21
1631 3596 1655 3626 *
