2384 3886
396 206 520 264 3⁰0

395 356 586 419 esset,
633 344 685 405 si
726 342 944 406 rudera
978 343 1315 406 florentium
1352 344 1487 408 olim
1514 344 1573 407 in
1607 346 1933 409 Pannoniis
1968 349 2307 435 oppidorum

391 433 790 492 Romanorum
824 452 931 514 per
973 427 1240 516 hospites
1283 428 1617 517 hujusmodi
1655 445 2097 510 recrearentur,
2140 457 2310 497 nemo

391 537 510 576 non
547 513 878 600 perspexit,
937 537 1048 577 nec
1082 515 1282 579 multis
1320 539 1467 603 opus
1499 516 1698 580 verbis
1739 512 1876 593 fuit,
1938 529 2006 580 ut
2038 517 2311 583 libertate

389 599 718 662 industriae
755 599 1023 686 publicas
1060 623 1292 687 quoque
1327 602 1617 665 utilitates
1659 602 1762 679 ali,
1800 604 1968 688 genti
2005 627 2149 667 suae
2183 608 2312 668 Rex

385 684 950 771 providentissimus
994 686 1411 771 persuaderet,
1466 711 1653 774 eaque
1691 687 2085 766 assentiente,
2144 713 2311 752 secu-

391 771 557 833 ritati
579 771 874 834 libertatis
898 770 1076 858 hujus
1098 773 1235 859 lege
1259 796 1490 858 quoque
1518 774 1903 860 prospiceret.
1924 781 1974 854 2)
2018 777 2097 838 Et
2122 774 2310 860 Regis

389 856 608 942 igitur,
663 869 722 920 et
765 856 921 943 legis
959 857 1081 920 nixi
1116 857 1412 945 praesidio
1445 857 1711 945 hospites
1752 858 1839 936 hi,
1877 859 2043 922 brevi
2082 860 2141 922 in
2185 884 2312 924 eam

391 965 458 1005 se
499 942 870 1005 adduxerunt
899 943 1196 1006 fortunam
1222 992 1236 1020 ,
1297 956 1363 1006 ut
1397 968 1513 1006 non
1547 944 1797 1030 patriam
1841 969 2009 1007 suam
2044 945 2104 1007 in
2145 949 2312 1008 Hun—

390 1028 563 1114 garia
592 1029 922 1113 reperisse,
968 1027 1075 1091 sed
1104 1030 1360 1092 omnium
1390 1029 1503 1092 soli
1533 1030 1627 1091 sui
1664 1029 1945 1115 genitalis
1977 1044 2312 1119 temporum

390 1114 793 1177 antecessisse
824 1113 982 1177 inter
1014 1117 1343 1200 Hungaros
1379 1113 1634 1201 gratiam
1670 1115 1783 1178 sibi
1815 1114 2171 1182 viderentur.

526 1300 573 1360 2)
619 1298 724 1348 Lib.
759 1299 798 1348 1.
841 1315 884 1349 ο.
922 1296 976 1349 6.
1018 1300 1079 1350 11.
1116 1299 1212 1350 20.

1227 1497 1270 1573 ς
1316 1499 1454 1557 103.

391 1662 629 1714 Rudera
680 1662 1081 1715 Romanorum
1126 1664 1185 1715 in
1229 1664 1557 1716 Pannoniis
1610 1665 1998 1732 oppidorum,
2057 1682 2162 1733 per
2205 1667 2319 1718 ho-

917 1745 1108 1816 spites
1152 1751 1262 1802 hos
1307 1750 1479 1818 plura
1523 1752 1786 1815 exculta,

551 1898 866 1976 Acincum,
892 1901 1117 1963 Contra
1137 1901 1451 1976 Acincum,
1479 1901 1787 1978 Arabona,
1811 1902 2025 1990 Carpis
2042 1901 2135 1964 vel
2152 1903 2317 1965 Pons

395 1981 470 2045 ad
498 1985 846 2061 Herculem,
880 1986 1127 2048 Colonia
1156 1986 1323 2049 Julia
1342 2035 1355 2061 ,
1385 1989 1678 2072 Epurum,
1716 1990 1926 2049 Mursa
1945 2036 1961 2065 ,
1998 1987 2319 2065 Zambura,

398 2070 663 2146 OsoneS,
711 2070 994 2147 Sabaria,
1023 2073 1224 2133 Peuce
1252 2074 1653 2134 Romanorum
1677 2095 1784 2158 per
1809 2072 2151 2135 Pannonias
2183 2072 2319 2135 olim

397 2154 730 2240 municipia,
762 2179 868 2241 per
890 2154 1159 2242 hospites
1189 2158 1439 2218 maxime
1471 2158 1688 2220 factum
1712 2170 1836 2235 est,
1870 2170 1934 2220 ut
1956 2158 2177 2221 veteris
2201 2161 2319 2220 Bu—

397 2239 537 2318 dae,
583 2239 885 2318 Pesthini,
932 2242 1198 2319 Jaurini,
1245 2242 1567 2328 Strigonii,
1615 2243 1923 2331 Sopronii,
1960 2244 2318 2322 Trencsinii,

393 2325 672 2403 Eszekii,
714 2327 1157 2405 Temesvarini,
1184 2328 1407 2405 Albae,
1451 2328 1767 2405 Sabariae,
1802 2329 2318 2415 Quinqueeclesia—

395 2435 526 2474 rum
569 2412 805 2475 nomine
836 2414 1309 2477 reflorescerent.
1356 2414 1679 2477 Szathmar
1712 2417 2035 2478 Nemetum
2078 2415 2318 2493 Bavari,

396 2499 495 2584 qui
531 2497 890 2574 Comitatum
928 2500 1197 2584 Gyzelae
1231 2500 1291 2562 in
1327 2499 1701 2586 Hungariam
1730 2500 2025 2564 ‘venientis
2055 2515 2317 2565 assecta-

395 2584 646 2661 bantur,
707 2583 1110 2648 condiderunt.
1180 2586 1475 2649 Cibinium
1521 2586 1582 2647 in
1616 2587 2090 2671 Transylvania‚
2137 2591 2318 2667 (Her-

395 2668 736 2733 mannstadt
767 2670 1114 2751 Germanis)
1139 2695 1352 2735 nomen
1389 2669 1636 2734 statoris
1668 2671 1788 2748 sui,
1834 2673 2159 2737 Hermanni
2189 2675 2317 2737 No-

396 2754 856 2842 rimbergensis,
903 2755 1268 2843 amplissimo
1304 2758 1417 2822 orti
1454 2780 1679 2844 genere
1712 2758 2032 2846 praedicat.

1243 2964 1286 3039 g
1336 2966 1471 3024 1⁰4.

947 3115 1014 3166 ab
1059 3115 1297 3182 integro
1345 3123 1579 3168 structa
1623 3116 1753 3168 alia.

572 3263 981 3328 Vernaculum
1004 3286 1213 3328 nomen
1244 3264 1438 3343 urbis,
1478 3269 1738 3344 VarOS,
1783 3289 1818 3329 a
1847 3277 2046 3331 castro
2069 3265 2161 3330 vel
2180 3286 2316 3330 arc-e

401 3352 564 3431 (var)
601 3349 954 3428 derivatum,
1002 3350 1262 3414 ostendit
1290 3363 1526 3439 suapte,
1559 3352 1808 3439 primaS,
1848 3351 2314 3438 antiquissimas-

402 3458 516 3520 que
546 3435 606 3498 in
648 3435 966 3522 Hungaria
1000 3435 1212 3514 urbeS,
1260 3450 1362 3500 aut
1401 3438 1598 3524 potius
1631 3438 1862 3525 species
1890 3436 2314 3501 urbium-nota-

401 3543 532 3583 rum
552 3520 766 3606 magiS,
803 3545 975 3608 quam
1003 3521 1304 3601 nobilium,
1329 3546 1433 3587 eas
1457 3523 1785 3601 exstitisse,
1831 3543 2077 3609 quarum
2103 3544 2314 3586 nomen
