2384 3886
413 216 538 272 318

411 353 748 441 praesentia
781 353 967 436 Regis
1002 351 1062 412 in
1103 349 1528 413 vetustissimis
1569 350 1795 413 chartis
1835 350 2144 431 dicitur‚³)
2191 373 2322 414 nam

410 437 696 525 epitheto:
729 434 1063 523 specialis
1094 448 1360 513 resecto,
1414 435 1754 524 praesentia
1779 434 1975 520 Regia
1990 442 2043 515 4)
2083 437 2321 500 Curiam

408 522 596 609 Regis
624 530 674 603 5)
710 535 769 585 et
800 522 1029 607 Regale
1060 521 1502 585 consistorium
1527 529 1577 602 ⁶)
1612 521 1931 607 significat.

540 709 587 770 3)
633 709 727 759 Lit.
770 724 813 758 a.
854 706 1011 759 1270
1056 705 1142 778 (C.
1183 708 1242 758 D.
1286 725 1329 758 v,
1378 706 1429 758 1.
1471 724 1522 774 p.
1559 706 1663 769 25)
1715 707 1977 757 exemisset
2024 707 2225 756 eosdem
2275 715 2325 758 ct

410 794 647 844 haeredes
687 794 747 844 ab
787 795 921 844 omni
953 794 1297 860 jurisdictione
1334 794 1407 842 vel
1431 792 1616 858 judicio
1647 793 1849 843 Palatini
1879 792 1983 853 sui,
2024 798 2074 842 et
2104 791 2323 842 omnium

401 880 621 945 judicum
659 881 1046 945 provinciarum,
1096 879 1161 929 ita
1202 879 1333 944 quod
1372 879 1534 928 nullus
1575 885 1933 944 praesummat,
1983 893 2070 928 eos
2103 877 2324 943 judicare

405 972 600 1030 praeter
637 982 799 1016 suam
838 981 1155 1031 personam
1196 963 1518 1029 specialem
1559 964 1631 1013 vel
1668 964 1900 1014 Judicis
1933 963 2146 1013 Curiae
2186 978 2320 1013 suae.

536 1053 584 1112 4)
609 1051 744 1101 'Bela
778 1051 861 1100 Ill.
906 1051 1059 1115 (apud
1090 1050 1226 1114 Pray.
1261 1049 1322 1098 H.
1356 1049 1414 1098 R.
1454 1046 1506 1098 1.
1547 1066 1597 1114 p.
1638 1046 1780 1110 169)
1812 1065 1873 1098 ne
1904 1049 2062 1114 aliqua
2096 1064 2242 1098 causa
2272 1049 2322 1098 in

405 1137 517 1186 mei
548 1136 890 1202 praesentia
920 1135 1160 1185 ventillata
1192 1136 1241 1184 in
1272 1134 1463 1184 irritum
1494 1132 1758 1200 redigatur,
1793 1135 2042 1199 negotium
2074 1133 2324 1199 quodlibet

406 1223 453 1271 in
484 1222 789 1271 audientia
821 1221 1135 1270 Celsitudinis
1166 1235 1303 1269 meae
1335 1220 1635 1270 discussum.

536 1310 583 1367 5)
629 1307 683 1356 In
716 1307 835 1372 Reg.
870 1307 1038 1356 Varad.
1073 1306 1275 1372 passim.

537 1395 584 1453 ⁶)
628 1393 778 1442 Andr.
812 1393 873 1442 ΙΙ.
908 1392 1094 1455 (Batth.
1127 1392 1224 1442 LL.
1258 1391 1359 1441 ΕΕ.
1401 1391 1434 1440 l.
1468 1391 1551 1441 lll.
1596 1407 1645 1456 p.
1684 1385 1829 1452 574)
1868 1391 2082 1456 Regale
2113 1392 2322 1441 consi-

404 1486 496 1529 sto
513 1479 663 1528 rium
705 1479 877 1528 decem
915 1478 1191 1528 virorum.
1239 1478 1374 1527 Idem
1415 1477 1466 1526 in
1496 1477 1647 1527 literis
1686 1477 1808 1526 alliis
1849 1477 1908 1526 de
1948 1494 1993 1528 a.
2033 1474 2190 1526 1212
2227 1493 2324 1539 „ex

403 1565 652 1615 communi
694 1563 975 1629 Principum
1015 1571 1325 1624 nostrorum,
1369 1557 1451 1628 'qui
1482 1563 1543 1612 ad
1575 1562 1933 1612 discussionem
1963 1561 2111 1627 hujus
2141 1563 2323 1628 negotii

403 1651 453 1699 in
484 1650 679 1715 regali
710 1649 1083 1700 consistorio
1116 1648 1398 1714 congregati
1421 1649 1627 1698 fuerant.
1661 1648 1725 1699 Et
1754 1648 2067 1708 auditorii,
2102 1655 2152 1698 et
2174 1664 2324 1698 con—

403 1736 559 1786 sisto
572 1736 645 1785 rii
675 1735 1047 1801 appellationem
1079 1750 1137 1784 ex
1158 1735 1274 1785 Jure
1305 1735 1526 1783 Romano
1559 1741 1769 1784 sumtam
1799 1733 1968 1794 fuisse,
2002 1733 2163 1783 videas
2193 1734 2323 1799 apud

401 1822 604 1887 Savigny
643 1839 690 1871 0.
719 1837 762 1871 c.
799 1822 853 1870 V.
886 1818 938 1870 1.
981 1837 1031 1886 p.
1064 1815 1179 1870 163
1222 1821 1430 1885 locoque
1460 1819 1493 1869 l.
1526 1817 1619 1869 15.
1654 1818 1920 1883 Ammiani:
1954 1834 2013 1868 ex
2044 1835 2141 1884 quo
2172 1835 2323 1869 con-

401 1908 712 1958 sistorium
746 1915 859 1968 est,
900 1907 950 1956 in
982 1922 1077 1971 quo
1109 1906 1241 1971 leges
1274 1912 1322 1956 et
1353 1921 1691 1971 quoscumque
1723 1921 1776 1954 se
1799 1904 2052 1966 adeunteS,
2085 1903 2322 1970 Princeps

400 1993 638 2052 admittit,
681 2000 730 2042 et
767 1993 924 2052 audit,
968 1998 1016 2041 et
1055 1992 1114 2041 de
1153 1992 1315 2041 causis
1353 1991 1639 2054 cognoscit,
1682 1989 2042 2055 inquirentibus
2072 1997 2128 2047 ¹et
2166 1990 2323 2055 dispi-

402 2078 650 2128 cientibus
683 2074 1112 2128 consistorianis.“

1239 2288 1279 2364 g
1330 2291 1465 2347 120.

1072 2442 1262 2507 Caput
1301 2440 1477 2506 hujus
1515 2440 1648 2491 Rex.

570 2593 765 2679 Caput
807 2591 1025 2654 Curiae
1074 2589 1302 2688 Regiae
1347 2593 1506 2666 Rex,
1562 2599 1623 2653 et
1660 2589 1759 2652 ubi
1793 2586 1890 2652 hic
1927 2610 2058 2653 cum
2091 2588 2318 2652 Princi-

397 2676 571 2764 pibus
609 2676 917 2763 utriusque
938 2676 1304 2764 reipublicae
1332 2675 1479 2738 viris
1508 2675 1836 2753 nonnullis,
1882 2675 1964 2738 ibi
1994 2674 2176 2739 Curia
2205 2679 2318 2740 Re-

399 2763 499 2848 gia
519 2811 534 2839 ,
589 2762 735 2827 haec
776 2762 975 2850 itaque
1024 2787 1132 2850 pro
1157 2762 1338 2826 nobili
1361 2775 1690 2849 temporum
1720 2785 1922 2825 eorum
1943 2761 2319 2849 simplicitate

397 2847 635 2936 patulae
651 2848 888 2936 saepius
914 2848 1026 2911 sub
1050 2847 1314 2934 tegmine
1350 2847 1476 2934 fagi
1501 2844 1688 2928 saiw)
1721 2851 2030 2912 Hactenus
2060 2870 2190 2911 cum
2224 2870 2316 2909 ce-

397 2932 546 2998 teris
566 2933 955 3020 Jurispublici
986 2938 1189 3019 Hung.
1236 2932 1815 2997 Commentatoribus
1849 2932 2121 2997 convenit
2148 2931 2316 3004 mihi;

398 3019 554 3107 quod
585 3019 658 3083 ad
689 3032 887 3083 cetera
925 3019 1109 3095 enim,
1161 3040 1310 3104 quae
1347 3018 1417 3081 de
1450 3017 1786 3105 primordiis
1831 3018 2044 3083 Curiae
2086 3018 2315 3104 Regiae

395 3105 668 3183 tradunt,
726 3129 840 3169 non
882 3104 956 3167 iis
1000 3104 1151 3168 idem
1205 3104 1415 3167 sentio.
1479 3108 1681 3192 Ipsum
1712 3104 1884 3169 illud:
1929 3105 2085 3191 Regi
2106 3104 2165 3168 in
2189 3103 2316 3168 red-

397 3189 584 3255 dendo
609 3195 749 3279 jure
783 3190 1123 3254 Palatinum
1154 3203 1214 3253 et
1242 3190 1528 3253 Comitem
1563 3191 1781 3254 Curiae
1811 3191 2137 3267 adstitisse,
2174 3213 2309 3253 con-

398 3277 540 3340 cedo
581 3277 806 3364 utique;
854 3276 958 3340 sed
992 3275 1233 3362 adjicio:
1281 3275 1572 3339 Comitem
1622 3276 1918 3340 ordinaria
1963 3275 2316 3340 auctoritate

398 3364 469 3426 ad
498 3367 717 3427 Larem
750 3362 1038 3450 Regium,
1076 3362 1347 3439 Curiam,
1383 3364 1626 3425 Curtem
1654 3363 1935 3448 Regiam,
1970 3386 2092 3426 non>
2117 3384 2312 3434 suam3

536 3550 576 3607 ι)
622 3548 714 3598 Lit.
749 3549 890 3598 Belae
922 3549 1005 3599 111.
1040 3565 1129 3615 per
1158 3548 1361 3614 Prayum
1407 3550 1455 3601 in
1497 3551 1694 3613 Syntag.
1728 3550 1852 3601 Hist.
1886 3566 1935 3615 p.
1975 3544 2090 3598 166
2116 3547 2304 3597 citatae.
