2384 3886
391 235 394 237 *
422 203 548 260 338

424 342 813 414 haberentur,
851 339 1017 399 salva
1042 350 1354 424 praeterea
1378 350 1569 415 esset,
1604 350 1664 400 et
1686 338 1983 401 Comitum
2005 338 2342 424 provinciae

424 439 482 489 et
502 424 953 489 Ordinariorum
980 421 1154 508 regni
1171 421 1436 509 judicum
1469 423 1824 496 auctoritas3
1873 422 2035 485 velut
2069 447 2216 509 quae
2255 437 2341 487 te—

421 509 699 573 stimonio
732 508 907 571 etiam
939 507 1095 593 legis
1121 507 1399 596 deinceps
1430 509 1689 596 scriptae
1715 512 1783 588 (§
1807 516 1864 570 2.
1897 520 2006 570 art.
2025 515 2124 570 68.
2150 516 2343 588 1486)

420 597 479 658 in
498 619 569 659 eo
592 595 708 657 sita
728 594 857 671 fuit,
890 606 956 656 ut
981 593 1315 670 Palatinae,
1346 607 1483 681 post
1515 593 1724 657 deinde
1769 595 1985 656 Comes
2022 596 2200 655 etiam
2230 597 2343 657 Cu-

420 682 543 744 riae
589 679 848 766 Regiae,
897 702 1114 741 causae
1157 683 1443 766 cujusque
1480 678 1822 767 propositae
1843 678 2344 776 sibicognoscen-

420 767 529 830 dae
565 780 625 830 et
653 764 1019 829 definiendae
1059 765 1402 828 facultatem
1440 764 1746 828 haberent.
1811 767 1960 827 Cum
1999 764 2188 850 igltur
2226 788 2346 827 ma-

419 853 575 916 xime
602 853 851 915 formam
881 850 1411 914 administrationis
1439 850 1711 935 publicae
1735 850 2025 914 feudalem
2050 862 2256 914 tenere
2286 862 2346 913 te

469 952 630 1016 utas,
678 937 933 1001 elabitur
961 935 1109 999 haec
1139 959 1323 1022 prope
1357 957 1388 996 e
1417 935 1721 1012 manibus,
1769 935 2040 1022 ceditque
2070 936 2347 1022 propriae

422 963 625 1111 ibgum
661 1023 1121 1109 hungaricarum
1166 1019 1544 1097 humanitati,
1594 1045 1666 1083 ex
1704 1045 1819 1107 qua
1850 1020 2145 1090 libertinis
2171 1022 2347 1084 etiam

419 1109 744 1174 dominicae
786 1107 1121 1195 subjunctis
1164 1109 1476 1192 potestati,
1527 1107 1755 1168 salvum
1794 1119 1923 1169 erat
1965 1106 2188 1170 illatam
2233 1106 2347 1169 sibi

422 1195 726 1282 injuriam,
790 1194 849 1255 in
903 1192 1102 1256 causis
1151 1214 1386 1278 quoque
1438 1191 1828 1279 capitalibus,
1888 1216 1995 1279 per
2041 1215 2107 1254 se
2149 1216 2346 1256 coram

410 1285 548 1367 jure
593 1279 971 1368 persequi32)
1015 1277 1125 1340 hac
1163 1277 1216 1340 si
1247 1277 1342 1341 usi
1372 1301 1487 1340 non
1522 1290 1752 1355 essent,
1799 1276 2071 1341 dominus
2111 1278 2184 1341 ad
2216 1286 2343 1341 eam

422 1365 828 1430 vindicandam
862 1364 1240 1453 procedebat.
1264 1371 1315 1443 3)
2001 1366 2006 1371 ’

552 1616 598 1675 2)
646 1614 765 1678 Reg.
799 1614 971 1663 Varad.
1005 1629 1142 1664 num.
1183 1611 1289 1672 59,
1326 1611 1473 1674 310,
1511 1611 1658 1674 370,
1697 1610 1836 1664 388.

553 1701 600 1761 3)
645 1697 831 1748 Ibidem
864 1715 1003 1749 num.
1041 1694 1190 1759 234,
1229 1697 1348 1749 269
1384 1707 1477 1750 cet.

467 1948 567 2008 ΙΙ.
623 1947 740 2008 De
798 1969 1094 2011 norma
1143 1950 1682 2029 procedendi
1740 1968 2025 2009 coram
2083 1942 2303 2007 Jure

903 2157 972 2217 a)
1014 2160 1077 2204 de
1117 2159 1419 2204 evocatione
1457 2159 1531 2203 ad
1566 2157 1855 2203 Judicium.

1270 2328 1311 2404 g
1358 2331 1506 2422 139.¹

646 2498 881 2561 insigne
919 2499 1068 2547 hanc
1110 2500 1165 2547 in
1206 2513 1323 2547 rem
1364 2496 1629 2547 Hartvici
1670 2494 2100 2545 testimonium.

587 2663 682 2723 De
730 2661 1047 2740 militibus,
1111 2661 1211 2748 qui
1256 2672 1619 2724 mercatores
1677 2658 1964 2746 quosdam
2012 2654 2340 2744 depeculati

416 2758 588 2822 sunt,
636 2746 709 2808 ad
732 2748 1020 2833 judicium
1057 2747 1320 2810 evocatis
1345 2747 1597 2833 primum
1621 2744 1909 2832 speciale3
1948 2744 2199 2807 alterum
2231 2766 2335 2828 ge-

417 2832 620 2894 nerale
657 2846 782 2910 est,
843 2858 958 2920 qua
997 2833 1368 2921 Stephanum
1411 2832 1472 2894 in
1504 2831 1619 2894 ¹vim
1654 2843 1980 2919 perpetuae
2010 2828 2170 2914 legis
2205 2847 2339 2916 pro-

413 2916 682 2980 hibuisse
722 2918 996 3005 perhibet
1025 2943 1140 2997 „ne
1180 2919 1313 3006 quis
1340 2918 1626 2994 vicinum,
1674 2915 1830 2978 sine
1870 2914 2127 3002 judicii
2178 2936 2337 2976 exa-

417 3002 820 3082 minatione,
865 3004 1187 3069 laederet.“
1234 3007 1467 3091 Legem
1489 3003 1692 3089 itaque
1713 3000 1998 3066 Andreae
2022 3003 2098 3063 11.
2128 3007 2252 3081 (art
2281 3008 2337 3062 2.

416 3112 569 3152 anno
605 3097 800 3171 1222)
831 3092 1143 3168 „volumus
1176 3090 1382 3165 etiam,
1430 3088 1585 3176 quod
1629 3110 1738 3150 nec
1774 3111 1913 3164 noS,
1960 3109 2069 3149 nec
2109 3085 2336 3174 posteri

418 3175 610 3239 nostri
651 3175 846 3262 aliquo
889 3189 1155 3264 tempore
1191 3175 1525 3244 servientes
1564 3175 1823 3262 capiant,
1870 3173 1966 3237 vel
2002 3172 2335 3244 destruant,

415 3260 616 3325 favore
659 3261 908 3350 alicujus
978 3261 1271 3350 potentis,
1337 3262 1451 3324 nisi
1519 3260 1707 3348 primo
1774 3258 1937 3322 citati
1998 3257 2218 3322 suerint
2276 3268 2335 3318 et
2380 3305 2384 3309 ,

416 3345 618 3410 ordine
653 3348 950 3433 judicario
988 3348 1282 3412 convicti“
1330 3348 1462 3435 quis
1520 3360 1615 3410 est
1642 3395 1656 3423 ,
1738 3346 1836 3432 qui
1895 3366 2013 3409 non
2073 3363 2342 3419 summae

417 3431 469 3493 d.
517 3434 808 3521 Stephani
846 3435 1067 3499 referat
1107 3434 1389 3521 aequitati
1434 3437 1778 3520 acceptam?
1819 3429 2129 3504 Evocatio,
2170 3448 2332 3488 more

416 3519 842 3603 Hungarorum
876 3520 1288 3607 antiquissimo
1334 3518 1658 3583 Praeconis
1683 3530 1811 3582 erat
1829 3514 2159 3600 negotium3
2193 3534 2330 3574 con-
