2384 3886
406 198 528 256 352

406 335 570 422 scopi
619 356 751 396 cum
784 331 1118 396 Comitibus
1162 343 1349 408 stent,
1397 343 1457 396 et
1506 332 1772 396 Comites
1820 355 1952 395 cum
1988 334 2322 422 Episcopis‚

404 435 468 484 ut
516 432 765 504 uterque
811 418 1064 504 pleniter
1108 441 1281 480 suum
1342 417 1735 493 ministerium
1787 440 2082 504 peragere
2112 418 2323 505 possit,

404 504 684 592 auspiciis
730 503 931 566 Caroli
977 502 1253 570 Calviin
1298 525 1423 572 can.
1462 507 1634 567 Vlll.
1685 501 1933 566 Concilii
1975 503 2324 588 Moguntini

400 591 729 666 redactam,
751 596 797 668 1)
830 588 881 651 d.
914 587 1261 676 Stephanus
1289 588 1439 676 ipsis
1465 588 1645 676 hujus
1670 588 1872 652 verbis
1896 588 2147 676 recepit,
2171 601 2232 652 et
2259 603 2326 654 ut

391 675 678 762 judicium
720 674 924 737 Caroli
960 678 1043 738 M.
1076 675 1249 762 plene
1282 698 1349 737 se
1388 674 1681 762 probasse
1722 674 2081 738 luculentius
2125 686 2326 754 osten-

400 763 594 838 deret,
634 761 696 822 in
732 764 1021 837 Decreto‚
1060 784 1173 847 quo
1200 759 1609 823 Monarchiam
1628 758 2039 846 Hungaricam
2069 758 2322 837 ordinat.

397 847 665 936 principe
698 845 901 934 posuit
932 847 1079 910 loco.
1102 853 1153 923 2)

538 1002 586 1076 1)
631 1005 772 1070 Apud
802 1004 966 1054 Baluz.
1012 1003 1068 1052 T.
1111 1003 1148 1052 Ι.
1183 1018 1234 1067 p.
1272 998 1411 1052 858.
1463 1000 1580 1062 „Ut
1622 1002 1919 1067 Episcopi
1961 1008 2324 1067 potestatem

398 1091 609 1141 habeant
656 1106 737 1139 res
778 1088 1105 1138 eclesiasticos
1156 1088 1445 1153 providere,
1501 1103 1672 1153 regere
1721 1094 1768 1137 et
1816 1087 2123 1151 gubernare,
2179 1095 2324 1155 atquc

399 1179 685 1243 dispensare
719 1175 992 1224 secundum
1035 1173 1333 1224 Canonicam
1373 1173 1732 1223 auctoritatem.
1787 1172 2022 1223 Volumus
2051 1179 2107 1223 ut
2137 1181 2185 1224 et
2213 1173 2322 1224 laici

397 1264 447 1312 in
487 1277 658 1312 eorum
697 1259 971 1310 ministerio
1012 1258 1242 1309 obediant
1278 1257 1540 1324 Episcopis
1579 1259 1639 1308 ad
1677 1258 1916 1324 regendas
1955 1257 2179 1323 Eclesias
2214 1258 2352 1323 nei„

397 1348 563 1398 viduas
596 1353 644 1396 et
675 1347 923 1411 orphanos
963 1345 1323 1405 defendendos,
1373 1353 1421 1394 et
1451 1351 1505 1395 ut
1537 1344 1821 1395 obedientes
1859 1345 1959 1395 sint
1997 1344 2095 1406 eiS‚
2141 1345 2202 1395 ad
2233 1361 2324 1396 eo-

395 1449 505 1484 rum
562 1432 1078 1483 christianitatem
1137 1431 1505 1480 servandam.
1569 1430 1633 1480 Et
1669 1429 1903 1496 Episcopi
1955 1430 2322 1501 consentientes

396 1520 495 1570 sint
526 1517 802 1568 Comitibus
835 1524 886 1567 et
913 1517 1168 1568 Judicibus
1186 1516 1261 1578 *ad
1290 1516 1512 1567 Justitias
1542 1516 1807 1566 faciendas.
1866 1514 1930 1565 Et
1959 1522 2013 1565 ut
2041 1508 2322 1567 nullatenus

394 1621 483 1670 per
513 1604 789 1669 aliquorum
820 1603 1131 1653 mendacium
1153 1602 1227 1652 vel
1245 1603 1417 1652 falsum
1442 1602 1803 1661 testimonium,
1836 1617 1997 1668 neque
2027 1600 2317 1667 perjurium,

396 1698 479 1742 aut
507 1706 599 1756 per
627 1690 900 1755 praemium
932 1689 1008 1738 lex
1033 1688 1167 1754 justa
1197 1689 1247 1738 in
1279 1688 1439 1753 aliquo
1473 1689 1779 1753 depravetur.

528 1772 578 1845 2)
624 1775 757 1825 Libri
787 1775 848 1825 II.
884 1791 992 1840 cap.
1017 1771 1073 1824 2.
1105 1775 1175 1823 Ut
1204 1774 1493 1839 Episcopi
1524 1773 1784 1823 habeant
1813 1779 2187 1838 potestatem
2220 1780 2315 1824 cet.

393 1878 551 1927 usquc
584 1861 1148 1923 „christianitatem
1181 1860 1595 1910 servandam.“
1627 1859 1775 1918 *Quae
1808 1864 2084 1924 sequuntur
2113 1858 2172 1908 ad
2204 1863 2316 1909 mo-

394 1949 511 1998 dum
551 1936 747 2013 capituli
785 1947 929 2013 primi
971 1963 1015 1996 a.
1052 1942 1169 1996 813
1214 1946 1325 1996 Car.
1371 1945 1435 1995 M.
1470 1946 1534 1995 ita
1564 1944 1790 1994 mutavit:
1841 1944 2317 2010 Consentientesque

395 2034 494 2083 sint
525 2032 768 2098 ComiteS‚
825 2032 1049 2092 Judices‚
1098 2031 1411 2081 Praesulibus
1444 2029 1546 2080 suis
1578 2031 1638 2079 ad
1663 2030 1880 2095 justitias
1911 2027 2158 2080 faciendas
2181 2029 2317 2096 juxta

392 2124 654 2184 praecepta
691 2117 812 2183 legis
856 2117 1060 2167 diviliae.
1108 2116 1172 2166 Et
1207 2124 1262 2167 ut
1299 2116 1576 2166 nullatenus
1608 2130 1697 2180 per
1727 2115 2002 2181 aliquorum
2035 2122 2130 2166 cet.
2181 2115 2317 2166 Con-

393 2205 465 2254 fer
495 2204 639 2254 etiam
675 2203 852 2253 Joann.
889 2203 1090 2252 Godofr.
1123 2202 1379 2253 Eichhorn
1409 2201 1707 2266 Weltgesch.
1739 2200 1799 2250 II.
1836 2200 1992 2252 Theil.
2026 2216 2077 2266 p.
2112 2194 2210 2252 34.

1241 2368 1283 2444 g
1331 2370 1469 2427 156.

395 2522 599 2573 Civilis
636 2520 997 2572 Jurisdictio
1030 2521 1460 2580 Praelatorum‚
1506 2505 1725 2585 partim
1758 2521 1825 2570 ad
1857 2516 2316 2571 similitudinem

907 2607 1118 2658 Curiae
1157 2606 1388 2671 Regiae·
1415 2613 1785 2671 comparata,

563 2742 856 2806 Tribunal
908 2742 1355 2817 praelatorum,
1402 2763 1597 2804 coram
1636 2764 1752 2828 quo
1795 2740 1867 2804 de
1896 2739 2095 2804 causis
2125 2740 2317 2805 ΝΟΜὸ

394 2830 535 2891 lium
566 2829 839 2892 Eclesiae
874 2851 1019 2891 suae
1050 2827 1524 2915 disceptabatur,
1570 2826 1871 2890 Auditorii
1900 2830 2138 2913 Regum
2174 2847 2318 2914 prae

395 2938 461 2977 se
494 2914 723 2978 serebat
758 2908 1033 3000 speciem.
1079 2918 1311 2976 Horum
1336 2911 1409 2975 ad
1441 2913 1771 2999 exemplum
1802 2909 2316 3000 Archiepiscopns
2343 2928 2346 2931 ’

393 2999 834 3087 Strigoniensis
886 3012 945 3063 et
990 2997 1262 3063 Judicem
1315 2997 1532 3061 Curiae
1589 3009 1648 3061 et
1697 2998 2035 3061 Palatinum
2087 2997 2315 3075 habuit,

391 3087 689 3173 habetque
749 3083 906 3147 hunc
968 3084 1275 3170 hodieque.
1360 3086 1454 3147 De
1519 3106 1766 3168 quorum
1826 3084 2178 3148 auctoritate
2233 3083 2317 3148 ita

390 3174 539 3237 Bela
571 3176 699 3246 lV.
724 3171 785 3233 in
827 3169 1141 3258 privilegio
1174 3170 1244 3233 de
1280 3169 1657 3232 libertatibus
1690 3193 1883 3256 „quae
1916 3170 1989 3234 ad
2019 3170 2315 3233 Eclesiam

393 3259 871 3345 strigoniensem
909 3280 1144 3344 semper
1174 3254 1610 3343 pertinuerunt,
1649 3279 1699 3318 a.
1733 3263 1896 3319 1263
1932 3255 2172 3334 „nullus
2202 3258 2336 3320 Ju—·
2369 3323 2375 3329 ,

396 3345 587 3407 dicum
626 3344 843 3408 Curiae
874 3343 1102 3430 Regiae
1138 3364 1505 3428 quocumque
1547 3340 1780 3404 nomine
1812 3341 2172 3417 nominetur,
2217 3341 2312 3403 vel

394 3425 797 3493 Palatinorum
842 3432 1047 3526 regni,
1103 3428 1197 3491 vel
1233 3427 1562 3514 quicunque
1583 3429 1828 3505 Comes,
1864 3427 2118 3515 populos
2139 3425 2309 3490 Ecle-

396 3515 521 3578 siae
540 3514 981 3597 strigoniensis
1009 3512 1496 3590 conditionarios,
1531 3526 1592 3577 et
1621 3512 1878 3577 Nobiles
1907 3524 2052 3584 suos
2075 3510 2310 3574 univer-
2374 3564 2382 3571 ..
