2384 3886
330 187 410 242 24

371 344 538 385 arum
587 333 713 398 est,
774 318 930 404 quod
977 319 1309 382 Hartvicus
1353 319 1779 394 commeminit3
1841 333 2260 404 argumentum

328 346 443 469 lioc
474 429 582 491 pro
616 426 847 467 summa
878 402 1279 488 antiquissimi
1311 402 1572 467 instituti
1600 404 1780 490 hujus
1815 403 2109 489 dignitate
2143 409 2261 471 Ro-

329 489 539 577 gerius
579 488 867 575 explicat,
931 499 1288 573 constatque
1331 512 1405 551 ex
1454 512 1525 552 eo
1576 489 1862 564 maxime,
1914 488 2072 552 inter
2105 489 2265 553 hunc

329 579 567 659 Regum
606 572 991 657 Hungariae,
1039 595 1173 636 eum
1203 572 1374 649 item,
1422 597 1537 659 quo
1574 573 1802 651 Attila,
1847 585 2007 636 teste
2045 574 2263 637 Prisco

330 658 623 733 Rhetore,
683 679 832 719 usus
888 668 1013 734 est,
1057 657 1514 721 -Comitatum
1564 659 1754 721 solam
1801 657 1975 722 modo
2010 657 2263 742 interce-

330 741 469 807 dere
506 753 884 805 vetustatem.

358 944 422 1004 3.
469 941 571 1004 De
606 940 927 1003 Chronico
960 943 1431 1022 Hunyarorum
1461 943 1554 1002 M.
1596 942 1876 1003 Simonis
1906 943 1984 1003 de
2016 943 2229 1004 Ke'za.

1188 1112 1230 1184 ς
1287 1114 1405 1199 21.⁴
1488 1195 1491 1197 g

460 1266 557 1328 qui
603 1265 776 1312 Pater
824 1259 1435 1329 chronographorum
1490 1260 1833 1326 Hungariae
1880 1261 2124 1315 dicitur.

502 1421 711 1483 Simon
741 1417 814 1482 de
842 1421 1020 1482 Keza
1060 1417 1208 1480 vixit
1252 1429 1449 1481 aetate
1486 1420 1757 1482 Ladislai
1793 1424 1926 1499 1V.‚
1972 1423 2067 1485 cui
2098 1420 2269 1485 chro-

331 1508 505 1568 nicon
551 1527 727 1567 suum
770 1503 1000 1566 muneri
1045 1501 1225 1580 dedit,
1279 1502 1432 1566 exile
1477 1503 1621 1566 illud
1665 1503 1900 1590 quidem
1953 1507 2270 1583 volumine,

331 1589 439 1652 sed
471 1589 641 1676 copia
669 1611 871 1651 rerum
901 1588 1197 1673 locuples3
1238 1586 1394 1672 quod
1423 1588 1626 1674 itaque
1656 1589 1933 1653 laudatur
1970 1615 2007 1654 a
2036 1592 2270 1653 cunctis

331 1674 745 1761 Scriptorihus
810 1672 1053 1759 patriis,
1122 1695 1157 1733 a
1201 1694 1294 1733 me
1340 1672 1577 1768 quidem
1627 1673 1967 1749 verissime3
2037 1674 2270 1761 quando

332 1782 474 1846 pars
512 1762 643 1844 ejus
677 1770 985 1843 postrema
1014 1756 1086 1818 de
1124 1754 1612 1835 Conditlonariis,
1658 1758 2038 1837 Udvarnicis,
2082 1760 2270 1823 Joba-

330 1843 614 1928 gionibus
671 1842 908 1918 Castri,
975 1841 1254 1902 Palatino
1311 1842 1530 1926 Regni,
1587 1865 1997 1930 concessaque
2047 1845 2102 1906 ei
2147 1844 2270 1908 Ud-

331 1926 592 1988 varnicis
663 1927 852 2011 regiis
921 1925 1124 1988 utendi
1170 1925 1455 1988 facultate
1502 1926 1591 1987 sic
1636 1938 1764 1989 tota
1809 1952 1884 1990 ex
1935 1928 2272 1991 rationibus

331 2010 671 2098 praesentis
716 2009 979 2072 instituti
1025 2021 1136 2071 est.
1183 2011 1351 2084 Quae
1395 2021 1463 2071 ut
1507 2034 1615 2097 per
1660 2034 1728 2073 se
1774 2013 1943 2075 utilia
1995 2013 2137 2090 sint,
2184 2024 2271 2074 t-a-

333 2119 468 2158 men
498 2118 731 2171 vereor,
787 2117 863 2156 ne
895 2095 949 2155 si
979 2093 1126 2155 nihil
1165 2092 1345 2170 aliud,
1390 2093 1508 2156 nisi
1539 2095 1694 2180 quod
1725 2110 1935 2161 auctor
1963 2097 2062 2159 hic
2099 2098 2273 2183 plene

333 2179 675 2257 edisseruit,
720 2180 781 2240 in
811 2191 981 2265 parte
1019 2176 1256 2240 laudum
1297 2180 1426 2263 ejus
1465 2203 1675 2266 ponaS‚
1722 2178 1835 2243 hae
1881 2194 2145 2268 angusto
2184 2181 2272 2243 ni-

331 2264 445 2325 mis
499 2265 693 2350 spatio
747 2262 1200 2335 concludantur3
1260 2261 1461 2326 brevis
1515 2276 1610 2326 est
1670 2265 1855 2343 enim,
1932 2267 2314 2352 cursimque‘

333 2360 555 2410 tractat
597 2348 867 2434 plurima.
930 2351 1137 2432 Atque
1179 2345 1241 2407 in
1284 2345 1381 2409 his
1430 2360 1526 2410 est
1572 2349 1750 2411 etiam
1795 2348 1933 2413 data
2026 2375 2092 2414 er
2136 2371 2272 2412 eum

332 2432 873 2517 Jobhagionum
927 2431 1160 2493 castri
1213 2432 1407 2510 notio,
1478 2455 1629 2518 quae
1673 2433 1760 2495 uti
1815 2435 1987 2531 appel
2012 2434 2272 2498 ationem

333 2516 487 2578 hanc
531 2540 718 2579 sensu
762 2516 1058 2578 latissimo
1108 2527 1365 2577 sumtam
1401 2540 1522 2579 non
1557 2530 1793 2603 aequat,
1838 2532 1924 2582 lta
1958 2543 2034 2583 ex
2074 2530 2274 2581 mente

334 2602 632 2677 auctoriS,
690 2624 799 2687 pro
839 2600 1026 2662 siliis
1070 2599 1587 2684 Jobagionum,
1651 2616 1897 2689 accepta
1935 2603 2027 2666 sic
2070 2625 2274 2665 nume-

334 2709 437 2748 ros
480 2708 685 2748 omnes
724 2685 960 2771 implet,
1008 2697 1074 2747 ut
1112 2708 1186 2747 ex
1225 2682 1339 2746 hac
1380 2685 1686 2770 intelligas
1722 2687 2006 2765 maxime,
2068 2685 2275 2773 quanti

335 2782 536 2832 cetera
584 2791 820 2854 quoque
864 2773 993 2853 ejus
1042 2766 1316 2830 habenda
1368 2770 1505 2832 sint.
1575 2771 1727 2833 Mihi
1772 2771 1974 2857 itaque
2014 2771 2115 2834 ille
2154 2794 2275 2842 non

334 2867 457 2916 tam
495 2876 603 2939 per
643 2875 732 2927 ea,
781 2875 934 2937 quae
970 2851 1190 2936 liquide
1233 2852 1452 2929 docuit,
1500 2876 1674 2938 quam
1719 2878 1871 2939 quae
1912 2854 2277 2919 elaboranda

334 2939 469 3000 aliis
506 2938 591 3000 ita
615 2936 875 3021 reliquit,
913 2949 979 2998 ut
1010 2959 1276 2998 summos
1307 2950 1798 3021 argumentorum
1835 2939 2036 3026 apices
2075 2939 2277 3024 desig-

337 3035 510 3086 naret
546 3021 706 3107 ipse,
766 3044 1060 3105 magnuS,
1117 3019 1235 3083 imo
1284 3043 1428 3083 vero
1474 3022 1748 3084 omnibus
1796 3024 1923 3087 fere
1968 3023 2276 3110 scriptori-

339 3108 453 3169 bus
519 3129 638 3169 sec.
693 3109 868 3168 XIII.
914 3117 1334 3192 praeterquam
1354 3106 1540 3169 Belae
1556 3107 1746 3192 Regis
1779 3108 2041 3173 Notario
2085 3111 2277 3193 major

336 3205 454 3264 est3
529 3197 575 3270 1)
621 3190 733 3251 hac
793 3188 948 3252 enim
1005 3187 1298 3251 cautionis
1351 3212 1497 3252 suae
1543 3190 1853 3276 diligentia
1885 3192 1946 3256 id
1985 3204 2274 3280 praestat,

476 3380 516 3435 ¹)
563 3377 663 3425 Nos
705 3376 918 3426 editione
958 3375 1065 3441 ejus
1095 3391 1186 3439 pcr
1216 3374 1637 3424 Podhradczkium
1669 3375 1826 3424 virum
1856 3381 2074 3424 veterum
2106 3373 2275 3422 litera-

338 3477 444 3509 rum
475 3460 759 3524 hujusmodi
791 3476 910 3510 sane
944 3475 1090 3525 quam
1111 3459 1541 3523 diligentissimum
1563 3475 1607 3509 a.
1636 3454 1794 3510 1833
1817 3458 2051 3509 adcurata
2069 3457 2270 3507 utimur.
