2384 3886
435 214 555 270 224

929 350 995 410 2.
1041 350 1140 411 De
1181 353 1434 412 notione
1483 349 1849 412 Comitum.

1301 499 1343 574 ἕ
1386 501 1484 557 36.

1069 620 1211 670 haec
1256 618 1571 685 multiplex
1616 625 1723 668 est.

602 738 841 800 Nomen
879 736 1019 801 item
1046 737 1295 802 Comitis
1330 735 1774 823 quintuplicium
1806 734 2212 822 acceptionum
2245 759 2342 800 ex-

434 822 688 908 plicatur
719 846 795 887 ex
823 822 1045 909 aliqua:
1087 829 1132 903 ι)

573 951 594 986 1
639 949 780 999 Conf.
816 949 946 999 doct.
979 947 1130 998 Diatr.
1165 946 1448 1012 Spelmanni
1479 947 1538 996 de
1569 945 1860 996 ComitibuS.

434 1061 512 1133 a)
556 1056 665 1116 Ita
707 1064 1072 1128 vocantur,
1132 1049 1248 1136 qui
1301 1050 1586 1127 itinera,
1634 1060 1873 1113 castra
1916 1050 2172 1136 Regis,
2220 1072 2346 1114 ma-

573 1142 803 1225 jorum
848 1135 1342 1233 sacerd-otum,
1381 1135 1708 1199 universe
1751 1135 2200 1199 Domitiorum

1171 1233 1610 1285 comltantur.

475 1387 532 1445 1.
578 1383 858 1465 Maynus
903 1389 967 1444 et
1004 1383 1230 1444 nobilis
1274 1383 1449 1464 apud
1490 1382 1866 1445 Hartvicum
1908 1383 1965 1444 d.
1999 1368 2306 1463 Stephdni

1212 1465 1579 1531 Comitatus,

1294 1617 1336 1693 ς
1380 1619 1478 1676 37.

431 1740 756 1806 generatim
791 1751 900 1789 'eos
942 1754 1180 1800 omneS,
1225 1740 1322 1805 qui
1360 1739 1428 1789 de
1466 1737 1650 1804 regali
1691 1737 1861 1788 domo
1902 1737 2340 1803 censebantur,

1224 1825 1548 1890 significat.
2209 1818 2212 1822 ’
2267 1823 2269 1825 ’

599 1946 748 2005 Erat
767 1944 891 2026 jam
923 1941 1058 2004 aula
1089 1944 1324 2003 Ducum
1360 1940 1707 2027 Hungariae
1745 1939 2076 2027 splendida}
2122 1938 2341 2027 princi-

428 2028 719 2116 pibusque
745 2027 909 2104 viriS,
938 2050 1185 2113 quorum
1213 2023 1311 2085 alii
1340 2038 1683 2089 constanter
1703 2025 1874 2088 lateri
1898 2047 2101 2088 eorum
2129 2024 2342 2088 adhae-

426 2113 669 2191 rebant,
729 2113 827 2175 alii
866 2135 972 2199 pro
1014 2109 1276 2175 muneris
1318 2110 1631 2198 cultusque
1667 2110 1896 2174 ratione
1924 2134 2002 2174 xe
2040 2110 2344 2197 provincia
2376 2115 2379 2118 ⁴

431 2199 790 2275 adfluebant,
835 2198 1330 2284 frequentissima.
1414 2197 1585 2260 Nihil
1631 2197 1702 2261 de
1754 2195 1942 2260 veteri
1993 2195 2132 2273 hoc,
2188 2195 2342 2282 quod

418 2289 545 2373 jam
579 2284 731 2373 apud
765 2283 993 2348 Atitam
1028 2283 1307 2348 floruisse
1351 2282 1627 2359 vidimus,
1673 2282 1945 2346 instituto
1982 2305 2092 2368 per
2129 2283 2341 2346 Proto-

430 2394 637 2457 regem
674 2383 982 2446 mutatum,
1021 2383 1088 2433 ut
1121 2369 1218 2455 qui
1249 2367 1446 2454 potius
1479 2368 1534 2431 id
1575 2368 1842 2455 impense
1873 2367 2049 2430 dabat
2081 2390 2339 2454 operam,

427 2461 683 2544 majores
716 2469 794 2520 -ut
830 2456 1043 2542 quique
1087 2479 1206 2518 non
1249 2467 1592 2518 ornamento
1634 2454 1853 2530 solum,
1899 2452 2006 2516 sed
2048 2451 2339 2540 praesidio

428 2566 658 2630 quoquc
707 2542 912 2628 regiae
957 2541 1163 2606 domus
1202 2539 1443 2616 alterni,
1491 2539 1563 2603 ad
1600 2538 1724 2602 dies
1766 2551 1960 2602 autem
1990 2538 2178 2602 festos
2220 2562 2338 2602 ma-

426 2630 611 2706 ximo,
661 2652 776 2715 quo
825 2627 953 2691 fieri
1001 2639 1243 2713 posset,
1289 2649 1532 2689 numero
1579 2625 1874 2689 adessent.
1935 2627 2224 2710 Magnum
2270 2648 2340 2688 ac

428 2716 681 2778 nobilem
722 2717 886 2800 ejuS,
924 2725 984 2777 et
1028 2713 1398 2799 sequentium
1453 2715 1688 2797 Regum
1752 2710 2109 2774 Comitatum
2152 2709 2339 2775 fuisse

429 2824 504 2866 ex
519 2799 825 2876 Hartvico‚
860 2806 906 2879 1)
949 2798 1254 2876 Gaufrido‚
1281 2803 1331 2877 2)
1370 2796 1632 2883 Rogerio
1663 2802 1713 2876 3)
1755 2796 1927 2883 plane
1965 2795 2335 2883 intelligitur,

567 2926 609 2986 1)
654 2925 820 2974 Hartv.
869 2923 1228 2985 „descenderat
1258 2923 1438 2988 quippe
1470 2938 1582 2972 cum
1622 2922 1703 2972 illo
1745 2938 1835 2972 suo
1874 2937 2089 2987 magno
2132 2929 2191 2973 et
2229 2938 2336 2973 no·-

427 3011 535 3062 bili
577 3009 836 3070 comitatu,
878 3008 930 3058 in
960 3009 1069 3058 loco
1101 3008 1360 3072 campestri
1391 3007 1496 3057 fixis
1513 3007 1809 3063 ,tentoriiS.“
2185 3009 2193 3021 “

561 3098 608 3158 2)
654 3094 911 3145 Gausridus
967 3093 1234 3144 Monachus
1291 3093 1342 3143 S.
1399 3092 1650 3142 Benedicti
1708 3092 1866 3142 dictus
1909 3081 2159 3143 Malaterra
2203 3093 2332 3159 apud

428 3183 602 3234 Murat.
637 3181 693 3231 T.
727 3181 779 3230 V.
813 3195 863 3245 p.
901 3176 1037 3229 599.
1070 3178 1102 3227 l.
1138 3172 1194 3228 lt.
1231 3195 1275 3229 c.
1322 3175 1419 3228 25.
1469 3184 1555 3237 „et
1602 3193 1714 3228 cum
1756 3193 1999 3244 semper
2041 3179 2332 3244 frequens

428 3276 487 3319 et
527 3280 857 3318 numerosa
902 3279 1138 3325 manuS,
1187 3279 1255 3313 ex
1294 3256 1467 3314 'more
1512 3279 1626 3314 cum
1656 3264 1786 3329 Rege
1817 3263 1895 3325 sit,
1932 3262 2330 3314 innumerabilem

430 3353 623 3404 turbam
652 3352 763 3418 plus
795 3350 936 3400 solito
966 3365 1135 3400 rumor
1162 3349 1440 3414 nuptiarum
1472 3350 1820 3400 conflaverat.“

560 3434 611 3506 3)
657 3438 711 3487 In
757 3435 1016 3488 miserabili
1062 3435 1274 3485 carmine
1321 3434 1463 3500 „jura
1510 3435 1836 3488 Comitatuum
1881 3442 2018 3484 erant
2068 3426 2319 3494 diminuta,

431 3538 487 3571 ex
525 3539 619 3586 quo
658 3522 784 3570 viros
825 3521 1040 3571 Comites
1080 3536 1178 3570 non
1218 3520 1451 3570 haberent
1491 3527 1539 3569 et
1575 3536 1686 3571 cum
1725 3519 2029 3587 incederent,
2077 3517 2322 3583 simplices
