2384 3886
407 196 532 254 354

410 331 888 417 Transylvaniae
916 331 1019 411 (ab
1058 353 1108 392 a.
1132 337 1554 394 1203--1223
1581 331 1855 394 Eclesiae
1882 331 2019 395 huic
2044 334 2327 420 praefuit)

413 419 587 480 simul
618 409 979 480 celebratum
1008 428 1225 492 monet,
1253 427 1299 496 1)
1330 417 1507 480 istius
1532 438 1765 502 quoque
1795 420 2039 502 generis
2063 419 2326 482 tribuna—

413 503 554 565 lium
593 503 837 583 (mixtas
870 500 1047 565 sedes
1078 500 1402 566 dominales
1434 508 1741 581 vocamus)
1779 525 1980 580 usum,
2026 504 2180 588 apud
2217 529 2327 568 nos

416 611 551 650 esse
586 587 1015 675 perantiquum.

552 739 599 811 ¹]
646 744 766 807 Reg.
800 743 971 794 Varad.
1005 759 1142 794 num.
1179 741 1275 794 69.

962 919 1091 980 De
1158 941 1259 981 re
1323 923 1788 983 militari.

1257 1082 1299 1157 ς
1346 1083 1490 1141 158.

475 1236 633 1285 Hanc
665 1234 862 1299 pactis
891 1233 1249 1299 legibusque
1273 1233 1391 1299 jam
1421 1249 1528 1300 per
1556 1235 1850 1300 Arpadum
1882 1237 2271 1288 constitutam

605 1368 878 1433 Politicis
915 1368 1160 1432 aliarum
1191 1367 1459 1455 gentium
1492 1369 1785 1433 institutis
1813 1371 2096 1436 meditato
2122 1371 2183 1436 in
2205 1394 2331 1435 rem

419 1478 589 1518 suam
613 1454 709 1517 usi
737 1454 985 1518 consilio
1015 1454 1313 1541 Hungari,
1348 1455 1503 1541 quod
1533 1454 1606 1518 ad
1638 1479 1764 1519 rem
1793 1457 2128 1521 militarem:
2164 1457 2333 1544 plura

415 1541 753 1604 habuerunt
789 1540 907 1627 ipsi
961 1538 1170 1627 digna,
1218 1563 1368 1627 quae
1413 1541 1603 1605 exteri
1640 1541 1923 1606 imitanda
1953 1554 2332 1607 summerent.

417 1630 513 1691 Ex
534 1626 629 1689 his
661 1626 958 1690 Henricus
983 1629 1029 1688 Ι.
1064 1629 1209 1714 Imp.
1251 1624 1405 1712 quod
1445 1649 1651 1691 eorum
1686 1629 1951 1716 exemplo
1991 1651 2161 1692 arces
2199 1649 2333 1714 per-

418 1712 617 1800 petuis
657 1735 731 1775 ex
773 1711 966 1774 vicino
1005 1735 1156 1798 agro
1186 1711 1485 1800 equitibus
1516 1712 1876 1791 muniverat,
1922 1713 2148 1802 primus
2183 1726 2331 1777 tam-

420 1822 594 1885 quam
633 1798 769 1861 novi
799 1797 952 1885 apud
981 1800 1125 1861 'suos
1149 1797 1407 1861 instituti
1438 1798 1707 1862 conditor
1728 1800 1881 1862 fama
1911 1799 2261 1863 celebratur.
2283 1805 2332 1880 1)

418 1881 625 1948 Nolim
675 1896 873 1946 tamen
933 1883 1239 1947 existimes
1295 1884 1535 1948 militiae
1582 1886 1752 1971 leges
1812 1908 2016 1949 omnes
2038 1934 2054 1963 ,
2118 1883 2334 1972 quihus

420 1970 701 2055 Hungari
725 1969 797 2032 ab
823 1992 1078 2032 excessu
1097 1972 1456 2056 Protoregis
1484 1970 1580 2033 usi
1607 1983 1767 2046 sunt,
1800 1970 1921 2053 (usi
1942 1971 2198 2057 inquam,
2227 1992 2338 2034 nec

422 2056 575 2118 enim
608 2055 846 2117 tabulae
876 2061 1143 2135 exstant)
1173 2055 1261 2117 sie
1281 2056 1455 2142 plane
1485 2057 1838 2120 vernaculas
1881 2079 2085 2120 eorum
2125 2055 2335 2132 fuisse,

421 2138 565 2202 nihil
589 2153 655 2203 ut
683 2139 916 2203 aliunde
944 2153 1249 2228 acceptum
1271 2140 1366 2204 sit.
1410 2142 1732 2204 Perlucent
1755 2166 1828 2206 ex
1849 2139 1944 2204 his
1968 2164 2198 2228 quoque
2222 2143 2335 2206 Ca-

421 2225 701 2313 pitularia
723 2228 958 2311 Regum
987 2228 1386 2304 Francorum,
1429 2226 1791 2313 adhibitique
1823 2227 1897 2291 ad
1930 2226 2218 2291 delectum
2232 2225 2334 2290 ho-

425 2322 559 2374 rum
606 2309 759 2374 tanti
801 2309 1047 2375 solertia
1081 2310 1319 2398 judicii,
1380 2325 1445 2375 ut
1492 2312 1843 2393 institutum·
1876 2311 1991 2377 hoc
2040 2336 2111 2376 ea
2161 2312 2338 2376 etiam

422 2409 626 2484 parte,
674 2420 790 2483 qua
827 2421 901 2460 ex
945 2398 1390 2484 capitularibus
1431 2397 1524 2461 his
1564 2397 1892 2463 derivatum
1938 2411 2063 2476 est,
2119 2420 2194 2461 ex
2236 2421 2336 2461 an-

424 2482 777 2569 tiquissimis
801 2482 1174 2570 propriisque
1209 2484 1397 2548 fluere
1425 2484 1697 2548 videatur
1727 2484 1930 2570 gentis
1969 2483 2252 2548 moribus.

562 2637 610 2709 1)
655 2639 939 2690 Rotteckius
986 2656 1033 2690 o.
1074 2655 1121 2698 c,
1170 2640 1227 2690 T.
1260 2642 1314 2690 V.
1363 2657 1414 2707 p.
1451 2638 1570 2693 272
1618 2641 1730 2691 novi
1769 2639 1944 2706 hujuS‚
1997 2655 2190 2706 usuque
2236 2654 2335 2690 non

426 2725 706 2785 Germanis,
754 2741 855 2775 non
893 2724 1093 2776 Francis
1133 2732 1274 2776 antea
1313 2727 1496 2792 cogniti
1524 2726 1734 2778 instituti
1764 2726 2011 2777 meminit:
2056 2725 2187 2776 unde
2216 2724 2334 2775 illud

426 2809 667 2860 Henricus
699 2810 955 2871 sumserit,
989 2810 1182 2861 silentio
1212 2812 1556 2877 praetermisit.

1265 2977 1308 3053 ς
1354 2979 1492 3037 159.

1215 3127 1555 3194 Stephanus

598 3277 838 3340 Primus
878 3290 1117 3364 recepto
1147 3300 1254 3364 per
1282 3280 1582 3366 Europam
1612 3276 2012 3344 Christianam
2039 3300 2213 3342 sacro
2242 3299 2334 3340 ce-

428 3361 807 3425 rimoniarum
863 3375 1149 3451 apparatu
1213 3364 1508 3428 auctorari
1567 3363 1639 3427 ad
1685 3365 1951 3429 militiam
1996 3362 2252 3453 appetiit.
2285 3368 2334 3441 1)

562 3516 610 3586 1)
656 3518 806 3569 Thur.
840 3519 894 3577 P.
925 3519 987 3570 11.
1031 3535 1136 3584 cap.
1172 3520 1298 3571 X111.
1332 3529 1380 3571 et
1408 3521 1614 3572 XXVIII.
