2384 3886
1977 290 2059 345 53

126 429 222 491 vel
251 428 311 488 in
341 428 656 513 operibuS,
703 447 854 510 quae
891 423 963 485 de
1009 424 1206 509 aliqua
1246 425 1537 488 avitorum
1579 427 1935 510 Hungariae
1976 427 2061 487 in-

127 512 477 575 stitutorum
530 522 729 598 parte,
776 508 933 570 intra
981 508 1326 594 superiores
1364 509 1474 571 hos
1523 533 1712 572 annos
1750 510 1967 595 viginti
2001 511 2059 572 in

125 597 320 659 lucem
356 595 773 682 prodiverunt,
839 603 1096 654 aetatem
1154 592 1392 669 videas,
1454 594 1566 654 sub
1618 594 1751 680 ipsa
1779 594 2058 680 quodam-

127 680 301 744 modo
323 703 522 742 rerum
561 676 818 739 civilium
855 677 1267 739 conversionis
1293 678 1488 740 orbita
1521 679 1886 741 collocatam.
1941 680 2056 740 Ni-

127 763 211 827 hil
253 765 382 826 aevi
417 762 593 848 hujus
640 761 1004 847 scriptorum
1064 761 1454 846 quorumdam
1511 763 1870 825 verecundia
1904 763 2055 825 acci-

127 848 267 912 dere
330 846 402 908 ad
457 846 713 908 animum
756 846 996 931 gratius
1042 858 1261 932 potest.
1328 849 1628 931 Majorum
1669 848 1824 908 enim
1865 849 2060 910 omnia

123 931 411 1016 religione
469 929 721 1017 quadam
768 931 1002 1006 colunt,
1062 942 1269 1016 optant
1312 943 1510 992 tamen
1554 930 1935 1006 enixissime,
1993 946 2059 994 ut

120 1020 259 1079 Hun
312 1016 464 1101 arias
485 1038 723 1102 semper
758 1038 830 1077 ea
864 1013 1098 1101 quidem
1125 1015 1283 1078 inter
1321 1015 1604 1100 aequales
1637 1015 2057 1101 pulcherrima,

123 1099 230 1163 sed
326 1100 575 1185 odieque
634 1100 705 1162 ad
760 1100 1025 1187 priscum
1073 1098 1464 1163 Conditorum
1515 1123 1760 1162 suorum
1814 1101 2059 1185 genium

123 1185 406 1248 Bellonae
442 1188 610 1248 Deae
651 1183 858 1247 induta
878 1186 1158 1260 formam,
1204 1184 1515 1247 Minervae
1565 1183 1846 1272 deinceps
1892 1197 2059 1247 esset

122 1270 390 1347 similior,
425 1282 487 1332 et
514 1270 566 1331 si
599 1269 954 1332 mortalibus
985 1269 1251 1331 divinare
1277 1270 1437 1345 licet,
1471 1269 1792 1355 pulchrior.
1838 1273 2058 1354 Longe

123 1354 343 1417 diversi
363 1354 437 1417 ab
477 1354 573 1416 his
613 1366 773 1428 sunt,
821 1352 921 1439 qui
961 1352 1228 1415 insolens
1253 1354 1548 1438 quoddam
1596 1377 1799 1416 rerum
1861 1354 2056 1417 dome-

121 1439 405 1501 sticarum
452 1438 754 1502 fastidium
804 1438 865 1500 in
918 1437 1175 1524 speciem
1230 1438 1559 1523 sapientiae
1606 1439 1887 1524 operibus
1930 1443 2058 1524 jac-

119 1523 299 1586 titant
335 1525 486 1601 suis,
531 1537 815 1609 tanquam
846 1522 900 1584 si
934 1545 1009 1584 ne
1054 1522 1127 1585 ad
1168 1523 1444 1585 consulta
1475 1522 1741 1608 quidem,
1798 1523 1915 1585 nisi
1951 1546 2059 1609 per

122 1608 461 1671 inconsulta
490 1608 766 1696 procedi,
815 1631 884 1670 ac
925 1606 998 1669 ad
1031 1606 1308 1670 instituta
1335 1631 1520 1683 nova,
1567 1608 1858 1670 salutaria
1893 1609 2054 1684 licet,

121 1706 488 1779 naturaeque
537 1716 739 1756 rerum
791 1692 1044 1755 maxime
1103 1705 1540 1767 consentanea,
1599 1715 1783 1779 pravo
1825 1706 2057 1755 tantum

122 1778 315 1842 omnis
354 1779 578 1842 veteris
620 1778 817 1839 cultus
859 1789 1200 1863 contemptu
1235 1789 1443 1863 posset
1477 1776 1675 1839 aditus
1709 1777 2058 1863 comparari.

120 1931 292 1996 tigkeit
323 1938 516 1980 ernster
546 1931 872 1980 historischer
903 1931 1133 1991 Studien,
1184 1932 1260 1980 die
1291 1932 1370 1980 fur
1401 1931 1496 1980 den
1526 1932 1825 1995 Augenhlick
1858 1947 1977 1996 ganz
2009 1932 2057 1981 in

121 2017 216 2065 den
246 2016 579 2080 Hintergrund
611 2015 804 2080 gestellt
832 2016 1048 2076 werden,
1082 2016 1219 2065 nicht
1248 2033 1308 2065 zu
1337 2017 1480 2080 lange
1511 2032 1599 2065 aus
1632 2016 1728 2065 den
1746 2018 1916 2080 Augen
1945 2032 2058 2064 ver-

119 2101 300 2161 lieren,
359 2101 461 2150 und
501 2101 614 2150 dass
654 2101 731 2150 die
783 2116 957 2164 grosse
1007 2101 1288 2160 Wahrheit,
1339 2101 1447 2149 eine
1487 2101 1805 2164 segenreiche
1847 2101 2059 2150 Zukunft

121 2186 250 2234 lasse
284 2185 390 2234 sich
421 2201 516 2234 nur
545 2186 632 2235 auf
657 2185 769 2234 dem
788 2185 960 2234 Boden
992 2186 1129 2235 einer
1159 2185 1451 2249 vollstandig
1482 2185 1758 2249 gekannten
1789 2185 1892 2235 und
1922 2185 2060 2234 rich—

120 2270 190 2334 tig
220 2270 490 2319 erkannten
516 2270 909 2334 Vergangenheit
938 2271 1216 2331 auffsshren,
1250 2270 1377 2320 auch
1405 2270 1484 2319 bei
1511 2270 1662 2319 ihnen
1689 2286 1775 2320 zur
1801 2269 2060 2332 lebendig-

123 2359 232 2404 sten
251 2354 639 2419 Ueberzeugung
667 2355 862 2404 werden
895 2358 1104 2419 moge.“
1172 2354 1175 2356 ’

994 2494 1036 2570 g
1080 2495 1180 2552 54.

126 2643 227 2692 sed
260 2642 665 2693 subsidiariae
698 2645 765 2693 ad
796 2645 1113 2694 historiam
1146 2645 1486 2708 Hungariae
1518 2645 1826 2708 politicam
1861 2643 2060 2693 scieu-

631 2728 747 2777 tiae
780 2729 1107 2778 etiamnum
1139 2729 1197 2777 in
1230 2744 1366 2777 arvo
1399 2735 1554 2778 sunt.

294 2873 468 2951 Quod
513 2875 705 2960 igitur
748 2876 976 2962 pridem
1023 2888 1474 2962 exspectam11S‚
1537 2887 1602 2937 ut
1642 2887 1883 2961 praeter
1924 2897 2060 2936 auc-

124 2971 289 3020 tores
318 2982 426 3045 per
450 2960 847 3023 clarissimum
873 2960 1294 3024 adnumeratos
1325 2959 1762 3036 Kelemenium,
1797 2960 2059 3021 existant

124 3042 392 3119 tandem,
440 3044 539 3129 qui
577 3045 971 3107 subsidiarias
1009 3046 1083 3108 ad
1117 3045 1429 3108 historiam
1472 3044 1771 3131 politicam
1805 3047 2057 3127 Hunga-

123 3127 250 3189 riae
287 3128 572 3190 scientias
611 3131 921 3215 percolant
961 3130 1241 3205 uberiuS,
1287 3153 1530 3205 vereor,
1578 3153 1652 3191 ne
1690 3128 1901 3190 animis
1941 3127 2056 3189 alio

125 3211 422 3287 avocatiS,
468 3214 931 3299 exspectandum
970 3215 1142 3278 nohis
1176 3215 1256 3276 sit
1284 3213 1522 3276 diutius,
1581 3218 1852 3286 interea,
1902 3211 2057 3296 quod

124 3297 237 3358 viri
271 3296 606 3382 sapienteS,
656 3297 727 3360 de
759 3299 1018 3386 propriis
1051 3298 1521 3385 historiographi
1547 3297 1820 3383 partibus
1867 3318 1902 3356 a
1931 3319 2054 3357 mu-

126 3404 268 3444 nere
326 3380 600 3457 curandi,
661 3395 727 3444 ut
775 3395 914 3468 apta
969 3384 1040 3447 ad
1101 3408 1228 3447 rem
1295 3381 1698 3467 exequendam
1729 3380 2055 3442 subsidia

127 3479 466 3552 suppetant,
516 3465 969 3551 distinguendiS,
1015 3468 1405 3553 praecipiunt,
1451 3463 1759 3527 laudamus
1788 3487 1899 3528 nos
1929 3466 2053 3550 qui*

128 3550 289 3627 dem,
328 3549 435 3614 sed
463 3551 768 3638 sequimur
796 3550 885 3628 id,
916 3551 1071 3636 quod
1098 3564 1163 3614 ut
1190 3551 1425 3637 gratiae
1449 3550 1665 3626 minim,
1701 3549 1789 3611 sic
1823 3549 2048 3612 laboris
