2384 3886
1865 235 1986 292 261

82 366 358 436 imitando
409 372 793 437 constituisse
838 382 1123 449 testatur,
1182 374 1234 437 si
1272 375 1406 461 plus
1448 374 1507 437 in
1538 398 1604 438 re
1636 374 1747 438 hac
1789 374 1989 438 videre

7 502 14 533 g
76 457 385 535 volumuS,
450 458 581 546 ipse
631 456 1050 544 quodammodo
1094 457 1368 523 instituta
1412 483 1523 523 sua
1582 482 1713 523 cum
1764 459 1987 524 exteris

80 541 470 606 contendendi
508 542 766 607 ostendit
797 540 1120 605 consilium.
1167 543 1335 620 Quod
1365 546 1619 608 Carolus
1651 545 1858 609 Belius
1897 569 1989 609 se-

79 640 253 691 cutus
298 627 369 690 de
407 626 811 691 Archiofficiis
862 625 1034 713 regni
1065 630 1191 714 jam
1218 629 1420 692 seculo
1460 631 1751 716 superiori
1793 630 1986 694 disse-

0 715 26 794 ,ᾗῖ
77 713 224 790 ruit,
264 726 431 778 tanta
460 712 710 776 nominis
736 712 831 775 sui
860 711 1084 797 gloria,
1131 726 1196 777 ut
1230 713 1328 799 qui
1359 713 1431 776 de
1468 714 1581 777 hoc
1616 714 1985 803 postmodum

0 839 13 859 ,-
77 810 430 884 argumento
465 808 827 874 tractarunt,
873 810 976 862 aut
1004 798 1345 862 exscribere
1377 799 1569 876 illum,
1616 813 1718 863 aut
1751 801 1825 863 ad
1859 804 1988 886 ejus

74 906 397 970 provocare
423 883 851 947 lucubrationis
884 884 1296 948 auctoritatem
1334 884 1484 948 satis
1522 882 1826 949 haberent.
1870 888 1987 949 Po—

0 971 17 1037 -Ῑᾳ,
74 967 294 1031 sterius
336 967 476 1032 fecit
523 971 797 1055 Prayus,
844 968 1038 1034 animo
1070 983 1191 1034 tam
1227 969 1488 1048 solicito,
1534 983 1602 1034 ut
1635 993 1986 1058 quamquam

0 1085 2 1090 ·
74 1052 306 1117 Belium
337 1077 568 1140 quoque
599 1054 880 1119 nonnulla
910 1054 1088 1142 hujus
1119 1054 1362 1143 generis
1396 1055 1628 1142 fugisse
1654 1055 1984 1132 adnotaret,

28 1153 31 1155 “
75 1162 224 1225 quae
252 1151 448 1202 tamen
478 1163 547 1203 ea
578 1140 727 1217 sint,
773 1162 889 1204 non
923 1153 1324 1228 expromeret3
1370 1140 1752 1220 verecundia,
1787 1139 1983 1218 credo,

74 1246 148 1289 ne
185 1237 308 1288 tam
341 1224 611 1311 diligenti
649 1225 956 1314 Scriptore
991 1227 1129 1314 plus
1159 1249 1403 1315 sapere,
1454 1239 1557 1290 aut
1591 1230 1719 1314 ejus
1925 1240 1931 1244 *

388 1367 711 1429 „haerentem
744 1368 889 1434 capiti
919 1375 1051 1418 tanta
1083 1385 1195 1419 cum
1227 1368 1368 1419 laude
1399 1372 1674 1418 coronam“

71 1485 223 1549 velle
261 1499 583 1551 attrectare
616 1486 932 1552 videretur.
991 1491 1122 1566 Quo
1163 1487 1357 1574 magis
1390 1488 1450 1551 in
1486 1484 1705 1551 difficili
1729 1484 1871 1548 mihi
1901 1487 1982 1548 la-

68 1571 182 1635 ·bor
228 1584 350 1649 est,
407 1595 524 1636 non
560 1596 595 1636 a
634 1573 801 1637 Belio
838 1586 1101 1650 tantum,
1149 1573 1255 1637 sed
1300 1573 1413 1637 hoc
1464 1578 1645 1655 etiam
1683 1571 1978 1635 Historia-

69 1679 201 1719 rum
253 1657 713 1744 hungaricarum
756 1662 972 1737 Patre,
1033 1671 1093 1722 et
1147 1659 1301 1745 quod
1346 1659 1438 1723 vel
1488 1655 1663 1724 fateri
1714 1657 1981 1735 arduum,

70 1741 370 1806 fatendum
417 1755 615 1807 tamen
663 1756 786 1821 est,
843 1745 917 1807 ab
970 1744 1241 1809 omnibus
1291 1744 1618 1810 discedenti
1665 1742 1987 1830 Scriptori-

71 1826 212 1904 bus,
248 1827 346 1914 qui
371 1827 484 1891 hoc
513 1829 850 1893 institutum
877 1829 950 1892 ab
977 1831 1112 1893 aula
1140 1831 1480 1914 Byzantina
1512 1851 1819 1894 arcessere
1851 1851 1985 1916 per-

70 1926 240 1999 gunt.
307 1915 525 2001 Neque
577 1939 692 2001 ego
738 1915 839 1978 isti
877 1926 1078 1979 eorum
1123 1915 1338 1978 rationi
1377 1940 1566 1980 meam
1603 1914 1984 2002 praeferrem,

71 1998 124 2061 si
165 2001 369 2085 Reges
419 1999 698 2087 primum,
752 2023 869 2063 non
907 2004 1026 2088 jam
1067 2004 1272 2063 Duces
1316 2002 1667 2088 Hungariae
1719 1999 1985 2062 ministe-

0 2148 5 2159 ,
70 2083 250 2148 riales
298 2083 635 2170 hujusmodi
687 2082 972 2148 habuisse
1008 2084 1316 2163 edoctum,
1370 2110 1440 2150 ac
1473 2082 1815 2174 nonpotius
1858 2093 1983 2148 t'es-

0 2216 1 2223 1
68 2169 309 2233 timonio
354 2170 748 2234 Herodoti
779 2178 824 2250 ¹)
889 2170 1425 2259 exploratissimum
1480 2186 1668 2236 esset:
1723 2169 1982 2255 Scytha-

72 2278 201 2318 rum
247 2256 551 2342 regiorum
599 2255 983 2345 Principibus
1040 2269 1166 2321 tum
1227 2258 1478 2321 maxime
1538 2270 1597 2321 et
1650 2257 1985 2345 pincernas,

71 2354 131 2405 et
160 2363 415 2427 coquoS,
467 2353 527 2404 et
560 2341 908 2427 equisones‘,
955 2353 1015 2405 et
1047 2342 1352 2405 ministros
1387 2366 1533 2406 suos
1567 2365 1637 2405 ac
1677 2346 1984 2404 internun-

74 2426 200 2490 cios
258 2425 461 2488 suisse.
529 2428 619 2489 At
674 2451 815 2491 vero
857 2427 1002 2490 haec
1053 2427 1137 2490 illi
1182 2439 1591 2515 praetereunt,
1660 2441 1720 2492 et
1762 2427 1824 2488 in
1867 2451 1985 2490 uno

71 2511 200 2576 loco
243 2514 640 2575 Decretorum
700 2515 763 2575 S.
818 2511 1146 2600 Stephani,
1213 2512 1284 2575 de
1321 2513 1580 2600 antiquis
1634 2526 1694 2577 et
1750 2513 1987 2575 coaevis

12 2652 13 2656 ,
72 2597 407 2684 Augustis,
465 2609 593 2661 tota
637 2610 832 2662 mente
884 2596 1059 2660 defixi
1101 2598 1419 2684 negligunt
1456 2599 1735 2677 alterum,
1772 2598 1870 2683 qui
1894 2611 1990 2662 est

69 2683 144 2747 'de
159 2683 421 2747 moribus
446 2685 765 2768 Majorum,
786 2682 1216 2769 institutisque,
1240 2683 1327 2745 uti
1353 2683 1501 2770 ipse,
1531 2683 1714 2747 salvis
1737 2684 1880 2771 reip.
1896 2708 1989 2747 re-

73 2768 264 2856 galis,
320 2768 750 2855 religionisque
795 2768 1126 2831 rationibus
1171 2768 1447 2846 fecisset,
1501 2769 1616 2833 rite
1655 2769 1989 2849 servandis,

73 2877 251 2943 porro
300 2877 533 2941 quoque
578 2855 910 2939 scythicum
946 2855 1108 2916 illum
1129 2859 1179 2933 2)
1225 2876 1415 2940 neque
1458 2871 1529 2919 eo
1574 2856 1769 2918 minus
1805 2856 1989 2920 ferme

73 2938 530 3028 pulcherrimum
574 2939 846 3003 omnium.
915 2939 1086 3018 Quod
1125 2938 1144 3001 i
1193 2938 1314 3003 itur
1360 2963 1549 3027 usque
1595 2941 1786 3005 adhuc
1822 2943 1988 3005 tenui

74 3024 398 3113 peragendi
439 3024 634 3111 operis
665 3025 1000 3103 consilium,
1046 3037 1112 3088 ut
1165 3024 1484 3090 estinarem
1519 3027 1708 3106 lente,
1751 3040 1986 3091 senten-

74 3110 332 3196 tiamque
363 3133 478 3173 non
507 3110 754 3190 nudam,
801 3110 907 3176 sed
938 3109 1208 3175 amictam
1232 3110 1590 3191 rationibUS,
1635 3137 1710 3177 ex
1744 3135 1986 3177 coaeva-

209 3295 256 3366 1)
301 3296 536 3347 Herodot.
569 3297 603 3346 l.
638 3297 712 3347 IV.
750 3296 846 3347 71.

206 3386 253 3445 2)
299 3382 431 3432 Idem
463 3382 495 3431 l.
530 3382 605 3432 IV.
642 3379 739 3432 80.
780 3382 850 3432 De
881 3384 1019 3448 Scyle
1049 3383 1107 3433 ad
1140 3399 1342 3448 graecos
1373 3399 1610 3435 converso
1642 3398 1834 3443 moreS,
1868 3399 1984 3432 cae—
2074 3452 2077 3454 ¹

79 3482 231 3534 soque
270 3468 438 3530 „Adeo
471 3483 558 3518 sua
588 3467 812 3518 Instituta
843 3468 1049 3533 Scythae
1080 3467 1367 3531 observant,
1416 3475 1464 3520 et
1493 3469 1580 3531 iis,
1632 3469 1713 3535 qui
1751 3475 1977 3519 externos

78 3552 196 3605 ritus
226 3553 535 3617 adsciscunt,
575 3553 695 3605 tales
724 3553 942 3619 irrogant
969 3558 1214 3620 poenas.“
