2384 3886
388 207 471 264 94

386 342 636 418 Avaria‚
676 353 737 404 et
767 339 1065 403 Noricum
1100 343 1294 424 usque
1319 338 1393 401 ad
1422 339 1668 402 fluvium
1700 344 1746 419 ¹)
1779 340 2077 418 Anasum‚
2123 343 2321 422 (Enns

386 428 597 511 vulgo)
642 438 704 489 et
745 422 1117 487 Pannoniam
1153 423 1435 488 Danubio
1476 427 1800 509 Dravoque
1846 423 2325 511 interjacentem,

385 525 446 576 et
478 510 731 574 Daciam
766 512 1081 596 utramque
1111 507 1657 596 comprehenderet.

522 699 565 756 1)
616 695 786 745 Aetate
817 709 859 744 s.
892 693 1126 744 Emerani
1159 694 1360 755 „amnis
1392 694 1615 757 (Anesis)
1655 693 1787 743 inter
1811 693 1987 759 jacens
2017 693 2147 744 inter
2176 693 2322 744 Hun-

380 796 559 831 norum
599 788 649 829 et
685 778 1029 844 Bojoariorum
1071 782 1331 843 gentem.“
1382 778 1532 828 Poeta
1575 779 1701 828 Saxo
1743 778 1879 840 „Qui
1910 778 2106 828 medius
2135 777 2322 844 Bojoa-

378 866 480 915 rios
531 864 746 930 sejungit
791 871 840 914 et
889 863 1138 914 Hunnos“
1187 863 1502 928 Eginhardus
1551 862 1767 913 Cancell.
1822 863 1985 913 Caroli
2033 863 2099 912 M.
2166 878 2320 925 „nam

377 950 553 1001 fluvius
583 950 774 999 Anasus
804 949 999 998 medius
1029 963 1236 998 currens
1266 947 1398 997 inter
1427 946 1670 997 terminos
1708 946 2006 998 Hunnorum
2047 953 2097 998 et
2135 946 2321 1013 Bojoa-

377 1035 564 1086 riorum
597 1041 762 1085 certus
793 1034 936 1085 limes
967 1033 1179 1083 duorum
1211 1046 1478 1097 regnorum
1508 1030 1842 1081 habebatur.“

1254 1224 1299 1299 g
1344 1227 1445 1283 32.

458 1379 652 1430 Duces
700 1378 912 1429 horum
965 1376 1256 1442 Chagani‚
1307 1375 1731 1441 scriptoribus
1779 1377 1993 1428 latinis
2034 1377 2231 1442 Reges

1140 1476 1462 1526 dicuntur.
1513 1473 1560 1545 1)

542 1625 857 1692 Varchuni
886 1622 1125 1702 iisdem,
1173 1623 1391 1709 quibus
1415 1622 1622 1685 Hunni
1647 1622 1881 1686 Atilani
1912 1622 2194 1687 vixerunt
2226 1624 2314 1686 in-

372 1713 620 1778 stitutis,
667 1715 1004 1774 Praeerant
1035 1709 1113 1771 iis
1145 1707 1555 1794 Bulgarisque
1587 1707 1896 1771 veteribus
1914 1711 2042 1794 jam
2069 1707 2143 1771 ad
2164 1710 2312 1773 Vol-

370 1823 512 1885 gam
565 1796 746 1862 sociis
768 1845 784 1874 ‚
856 1819 966 1883 pro
1023 1817 1271 1857 numero
1328 1793 1601 1879 gentium
1653 1792 2037 1879 tribuumque
2079 1796 2311 1871 Duces,

370 1906 622 1971 quorum
653 1903 971 1969 supremus
1013 1879 1401 1965 Chaganus
1446 1877 1699 1959 (rectius
1732 1878 2175 1959 Csak-Kanus)
2204 1879 2310 1941 mi-

369 1993 485 2032 nus
527 1968 873 2054 frequenter
921 1968 1193 2051 Bajanus
1245 1963 1591 2027 vocabatur.
1672 1966 1837 2040 Hac,
1901 1963 2002 2049 qui
2049 1964 2319 2042 fuerant5

367 2066 702 2142 potestate,
761 2055 998 2136 Reges
1047 2048 1189 2112 dicti
1244 2061 1387 2111 sunt
1427 2047 1831 2134 scriptoribus
1875 2047 2096 2111 latinis.
2141 2051 2312 2113 Inter

369 2163 523 2226 quos
564 2134 916 2223 Eginhardo
959 2135 1148 2199 verba
1199 2135 1520 2212 „Avares
1571 2136 1810 2219 Reges
1845 2136 2056 2220 juxta
2098 2134 2308 2197 ritum

369 2247 573 2287 suum
605 2221 997 2286 habuisse“
1027 2232 1150 2284 tam
1184 2240 1509 2306 prospere,
1552 2240 1727 2304 quam
1763 2230 1902 2305 apte
1936 2217 2329 2296 ceciderunt3·

368 2309 604 2396 quando
654 2331 763 2395 per
804 2329 983 2370 voces
1025 2303 1446 2383 „secundum
1493 2302 1747 2366 ritum“
1799 2325 1911 2366 seu
1946 2303 2306 2382 institutum,

367 2394 947 2477 consvetudinesque
972 2413 1145 2462 suas,
1180 2388 1405 2452 nomini
1434 2391 1524 2453 Re
1575 2387 1631 2451 io
1663 2408 1923 2465 omnem,
1956 2411 2133 2475 quam
2167 2387 2307 2451 huic

365 2483 769 2544 Romanorum
798 2476 890 2539 ira
916 2482 968 2557 2)
994 2473 1315 2562 adspersit,
1359 2411 1727 2538 deu-abendo
1766 2472 2070 2553 invidiam,
2108 2473 2303 2538 brevi·
2379 2554 2381 2558 ι

502 2662 550 2732 1)
595 2663 775 2713 Paulus
816 2662 952 2712 Diae.
995 2662 1055 2712 de
1094 2661 1246 2727 gestis
1283 2658 1509 2726 Longob.
1541 2659 1577 2710 l.
1611 2659 1688 2710 IV.
1731 2675 1776 2709 c.
1812 2654 1912 2709 38.
1948 2657 2092 2720 „Rex
2119 2658 2305 2708 Avaro-

364 2764 502 2810 rum,
552 2763 698 2813 quem
743 2763 832 2798 sua
870 2748 1031 2813 lingva
1074 2747 1370 2797 cacanum
1410 2744 1684 2811 apellant.“
1730 2743 1795 2794 Et
1830 2758 2032 2793 rursum
2073 2742 2302 2803 „Horum

363 2835 483 2894 ΗΘΚ,
515 2833 566 2882 id
597 2839 675 2882 est
705 2832 948 2893 CacanuS‚
983 2837 1079 2882 cet.
1112 2831 1281 2881 Paullo
1312 2837 1425 2880 ante
1457 2845 1502 2879 c.
1528 2829 1680 2879 XII.“
1712 2827 1897 2890 Hunni,
1932 2827 2015 2892 qui
2045 2833 2096 2876 et
2123 2827 2302 2878 Avares

363 2919 620 2983 dicuntur,
651 2916 779 2966 bella
810 2916 1096 2980 gravissima
1126 2930 1241 2965 cum
1272 2914 1476 2964 Francis
1508 2918 1797 2978 gesserunt;
1831 2927 1877 2962 c.
1908 2911 2040 2961 XIII.
2075 2911 2301 2963 Cacanus

362 3020 449 3055 rex
489 3002 784 3052 Hunnorum
822 3016 994 3065 pacem
1035 3000 1167 3049 fecit.
1223 2999 1294 3049 De
1334 3005 1495 3063 etymo
1533 2998 1669 3047 vocis
1706 2997 1815 3047 vide
1856 2996 2099 3047 eruditam
2131 3003 2299 3047 notam

362 3088 493 3156 apud
522 3088 758 3137 Murator.
807 3086 864 3135 T.
898 3086 961 3135 ΙΙ.
994 3091 1132 3151 parte
1162 3084 1225 3134 ΙΙ.
1266 3099 1317 3149 p.
1355 3077 1475 3132 245
1510 3089 1559 3132 et
1589 3097 1728 3147 seqq.

495 3171 547 3242 2)
595 3172 699 3222 Cic.
734 3171 794 3220 de
824 3170 942 3236 Leg.
977 3170 1010 3219 l.
1044 3170 1128 3219 III.
1167 3168 1222 3219 7.
1269 3169 1397 3230 „sed
1429 3168 1660 3232 quoniam
1693 3167 1856 3232 regale
1889 3166 2108 3217 Civitatis
2139 3181 2298 3232 genus

362 3259 625 3325 probatum
657 3256 936 3322 quondam,
976 3261 1149 3320 postea
1179 3269 1281 3304 non
1312 3259 1413 3302 tam
1444 3253 1620 3318 regni
1654 3268 1800 3317 quam
1830 3252 2017 3317 regiis
2046 3251 2180 3302 vitiis
2213 3266 2299 3302 re—

362 3345 616 3409 pudiatum
650 3348 754 3403 est,
795 3355 980 3392 nomen
1017 3346 1208 3389 tantum
1247 3337 1491 3388 videbitur
1520 3338 1651 3403 regis
1682 3336 2019 3403 repudiatum,
2067 3351 2148 3386 res
2186 3351 2298 3386 ma-
2373 3358 2378 3361 ⁸

363 3428 520 3488 nebit,
564 3428 603 3476 si
643 3443 774 3477 unus
815 3425 1044 3477 omnibus
1084 3424 1286 3489 reliquis
1317 3423 1681 3487 Magistratibus
1712 3421 2031 3488 imperabit.“
2074 3421 2294 3472 Eandem
2375 3450 2377 3459 ι

364 3513 526 3562 Livius
563 3513 594 3560 1.
630 3512 713 3561 ΙΙΙ.
759 3527 802 3561 c.
842 3508 939 3561 39.
983 3509 1277 3560 sententiam
1308 3516 1460 3559 tenet.
