2384 3886
343 212 422 266 22

342 348 616 409 curiosus
647 346 929 431 ignorare
977 352 1023 425 ¹)
1060 367 1136 407 ex
1167 344 1260 407 his
1291 368 1451 424 vero,
1495 358 1755 433 quantus
1787 347 1848 408 in
1881 349 2100 411 ceteris
2141 353 2273 436 ejus

338 431 810 518 Diplomatibus‚
864 452 1017 514 quae
1062 427 1256 492 adhuc
1297 431 1517 509 latent,
1563 431 1886 495 thesaurus
1927 434 2274 499 reconditus

339 515 446 593 sit,
494 516 787 601 conjicere
831 536 1087 600 quisque
1121 526 1339 601 potest.
2158 574 2161 576 t
2195 546 2200 550 >

477 702 519 759 ¹)
568 699 691 748 Cod.
717 697 831 763 Dip.
855 698 942 748 III.
985 715 1028 749 ν.
1066 697 1122 749 2.
1166 715 1218 765 p.
1254 695 1371 750 451
1413 700 1512 762 „ab
1545 700 1832 766 obligatoria
1864 701 2096 752 servitute
2127 704 2275 754 castri

337 783 540 848 Zagrab.
580 783 851 833 eximentes
889 813 958 820 —
996 784 1188 834 liberati
1231 785 1478 834 inferioris
1511 786 1658 835 officii
1687 785 1882 836 vinculo
1913 787 2182 850 gaudeant,
2228 794 2278 838 et
2372 787 2379 791 ’

337 868 590 917 honesta
622 883 686 917 so
701 868 927 918 cietate
959 869 1250 919 servienti
1264 885 1354 918 um
1387 870 1568 934 Regis
1605 898 1675 905 —
1709 877 1759 919 et
1807 885 2075 921 concessae
2121 871 2277 922 liber-

336 952 449 1001 tatis
479 951 718 1002 Nobilitas
757 953 807 1002 in
845 959 999 1002 totam
1040 953 1373 1004 successionis
1411 954 1753 1018 posteritatem
1782 955 2156 1006 transfundatur
2199 985 2269 993 —

335 1036 602 1086 introducti
656 1037 707 1086 in
758 1037 1023 1102 particip
1037 1039 1240 1088 atione
1254 1053 1303 1086 m
1350 1038 1575 1101 regalis
1629 1037 1659 1086 d
1673 1053 1702 1086 o
1715 1053 1842 1087 mus
1890 1038 2164 1102 glorientur
2215 1040 2275 1090 de

335 1119 574 1172 libertatis
605 1136 812 1173 munere
826 1159 839 1182 ‚
882 1122 1015 1189 quod
1046 1122 1209 1187 adepti
1238 1128 1360 1171 >sunt
1389 1120 1636 1172 fidelitatis
1668 1121 1946 1172 devotione.

1211 1314 1254 1392 ς
1302 1319 1398 1375 19.

607 1480 959 1532 summaque
991 1467 1422 1517 commentarii
1453 1466 1585 1532 ejus
1617 1467 1987 1518 auctoritas.

504 1615 711 1698 Atque
745 1612 902 1674 hunc
930 1614 1110 1676 talem
1147 1614 1332 1677 Belae
1375 1616 1488 1676 lV.
1533 1613 1890 1691 Notarium,
1936 1613 2053 1677 etsi
2089 1611 2274 1677 homi-

334 1697 527 1794 nibus·
550 1697 904 1782 quibusdam
935 1698 1127 1775 vanis,
1168 1721 1313 1760 suos
1349 1698 1448 1783 qui
1473 1701 1742 1783 Majores
1781 1722 1901 1761 non
1940 1698 2002 1760 in
2026 1721 2274 1762 numero

334 1781 749 1878 principalium
788 1805 1180 1868 personarum
1213 1807 1323 1870 per
1354 1806 1488 1845 eum
1519 1783 1759 1846 habitos
1796 1782 2069 1869 injuriam
2105 1806 2286 1860 suam
2382 1859 2384 1862 Α

330 1867 901 1953 interpretabantur,
935 1867 1266 1953 horumque
1298 1867 1782 1930 assentatoribus
1813 1871 1942 1953 jam
1985 1868 2125 1932 olim
2173 1891 2276 1955 pa-

329 1974 464 2012 rum
518 1964 761 2036 gratum
826 1958 873 2030 1)
933 1975 1127 2038 neque
1182 1975 1342 2014 nunc
1395 1952 1903 2015 obtrectatoribus
1960 1959 2011 2032 2)
2066 1975 2275 2015 carere

333 2035 639 2119 cognitum
675 2034 960 2113 habeam,
1009 2036 1316 2122 ecquidem
1359 2036 1444 2099 ita
1487 2038 1726 2114 recolo,
1774 2050 1841 2100 ut
1877 2037 2096 2123 quibus
2140 2061 2276 2101 eum

329 2120 559 2196 Belius,
607 2120 1019 2199 CornidesiuS‚
1063 2121 1540 2199 KerchelicsiuS‚
1577 2122 1918 2185 Katonaius
1953 2135 2014 2186 et
2055 2121 2275 2208 quique

331 2204 632 2268 solidioris
687 2206 994 2270 doctrinae
1043 2206 1155 2269 viri
1194 2207 1529 2285 cumulant,
1576 2206 1960 2294 amplissimis
1994 2205 2274 2270 laudibus

469 2391 512 2449 1)
558 2390 629 2438 Ita
671 2390 1098 2454 Chronographus
1141 2391 1272 2455 apud
1315 2392 1469 2440 Thur.
1504 2391 1558 2441 P.
1593 2392 1654 2441 Π.
1698 2406 1807 2456 cap.
1844 2388 1900 2441 9.
1937 2406 2092 2452 „cum
2123 2392 2273 2456 igitur

331 2473 545 2522 Codices
588 2474 787 2538 quidam
820 2475 1132 2535 contineant,
1181 2477 1312 2540 quod
1343 2476 1425 2525 isti
1458 2476 1711 2541 Capitanei
1743 2482 1935 2540 septem
1965 2475 2269 2525 Pannoniam

326 2558 606 2611 introierint
646 2565 696 2608 et
735 2559 983 2623 Hungaria
1027 2575 1085 2608 ex
1119 2560 1251 2624 ipsis
1298 2561 1418 2610 solis
1450 2561 1578 2610 edita
1611 2561 1700 2622 sit,
1754 2576 1810 2609 ac
1841 2560 2084 2625 plantata;
2137 2561 2270 2610 unde

327 2658 444 2706 ergo
483 2643 615 2692 venit
656 2644 907 2707 generatio
946 2644 1403 2694 Akus-Bor—Abae
1444 2645 1750 2710 aliorumque
1781 2644 2030 2695 Nobilium
2060 2644 2269 2710 Hunga-

326 2742 523 2787 rorum,
577 2743 691 2776 cum
731 2744 905 2777 omnes
951 2728 1033 2777 isti
1073 2744 1174 2777 non
1210 2729 1464 2795 hospiteS‚
1518 2731 1605 2779 sed
1651 2730 1712 2779 de
1751 2729 1948 2794 Scythia
1989 2730 2269 2779 descende-

325 2817 443 2860 runt
474 2817 570 2860 etc.

461 2897 508 2956 2)
556 2894 778 2952 Quorum
825 2910 1002 2959 agmen
1042 2895 1335 2946 Schlozerus
1379 2897 1531 2946 ducit.
1574 2897 1691 2946 Vide
1730 2896 1854 2961 Pray
1903 2896 2032 2946 Hist.
2074 2896 2264 2962 Regum

325 2980 488 3043 llung.
511 2979 544 3027 l.
572 2995 616 3028 c.
652 2980 899 3045 superius,
934 2979 1190 3029 Notarium
1222 2982 1265 3030 is
1295 2981 1442 3030 Belae
1472 2981 1621 3046 Regis
1653 2987 1846 3045 partem
1877 2981 2113 3031 historiae
2146 2997 2265 3032 suae

326 3079 383 3112 ex
415 3063 672 3112 cantilenis
705 3064 944 3114 sumsisse
966 3070 1208 3128 gravatur.
1257 3049 1384 3123 Quid
1414 3063 1516 3114 ita?
1547 3081 1609 3114 an
1639 3080 1740 3114 non
1771 3066 1866 3115 hoc
1897 3065 2063 3130 ipsum
2094 3072 2266 3118 vetus-

324 3148 503 3197 tissimi
545 3163 710 3197 rerum
743 3148 1075 3198 Romanarum
1128 3149 1353 3199 fecerunt
1401 3149 1699 3214 scriptoreS‚
1750 3165 1851 3198 non
1884 3150 2045 3200 solum
2090 3165 2262 3215 prom-

325 3232 513 3281 tissima
556 3232 772 3283 virorum
815 3232 1252 3283 celeberrimorum
1291 3234 1455 3295 venia,
1506 3235 1594 3283 sed
1632 3234 1774 3283 laude
1814 3234 1959 3283 etiam
1993 3233 2263 3302 singulari?

324 3316 567 3377 (Niebuhr
604 3316 747 3366 Rom.
792 3317 972 3367 Gesch.
1007 3317 1045 3366 Ι.
1081 3318 1173 3367 Th.
1208 3334 1260 3382 p.
1297 3315 1418 3368 268
1459 3325 1509 3368 et
1546 3334 1651 3382 seq.
1701 3325 1807 3368 tum
1840 3319 1917 3368 IV.
1951 3318 2044 3367 Th.
2088 3334 2140 3383 p.
2179 3314 2259 3368 28

323 3401 494 3450 confer
534 3401 678 3449 etiam
726 3402 1084 3452 eruditissimas
1126 3402 1276 3452 Notas
1308 3403 1369 3452 ad
1399 3403 1572 3452 Valerii
1603 3403 1668 3452 M.
1702 3403 1735 3453 l.
1769 3402 1830 3453 II.
1865 3417 1910 3452 c.
1944 3402 1982 3451 Ι.
2033 3399 2088 3452 5.
2127 3404 2258 3468 apud

325 3485 364 3537 T
371 3485 620 3536 orrenium
663 3485 904 3553 adjectas)
945 3502 1059 3537 nam
1091 3487 1150 3536 de
1189 3488 1283 3537 fide
1324 3487 1508 3542 Notarii
1549 3488 1704 3539 nostri
1748 3493 1922 3552 postea
1964 3486 2254 3538 videbimus,
