2384 3886
1926 206 2010 264 95

38 322 43 325 i
75 359 174 410 ter
215 344 477 491 qluidem‚
531 343 639 408 sed
670 344 828 406 clare
864 339 1017 402 satis
1060 341 1397 426 significat:
1451 342 1867 407 auctoritatem
1907 344 2011 408 ho-

81 451 212 493 rum

270 428 486 514 egibus
517 427 697 491 certis
718 425 907 488 fuisse
936 436 1344 511 temperatam.
1382 433 1434 507 3)
1470 430 1637 504 Quae
1658 432 2010 515 erant-ejus-

81 512 269 591 modi,
314 525 383 576 ut
427 535 560 575 cum
606 511 935 595 Chaganus
986 509 1255 605 legatum
1304 512 1574 575 Mauritii
1618 515 2009 600 Imperatoris

82 598 547 673 Comentiolum,
592 593 748 681 quod
777 591 1014 657 modum
1047 615 1110 654 ln
1141 594 1346 657 verbis
1373 618 1665 681 egressus
1701 611 1867 662 esset
1887 647 1902 676 ,
1949 600 2011 661 in

82 684 319 746 vincula
359 684 690 766 conjectum
728 677 907 742 morti
940 701 1009 740 se
1040 700 1108 740 se
1140 678 1417 741 daturum
1464 681 1718 746 maxime
1757 683 2010 748 minare-

80 781 209 845 tur,
242 767 547 829 Primores
575 763 779 849 gentis
810 761 1224 825 adhortatione
1257 786 1369 826 sua
1399 763 1574 828 facile
1599 765 2010 852 impetrarent,

80 875 155 915 ne
195 852 354 914 ultra
388 848 621 911 vincula
654 846 971 934 quidquam
991 847 1052 908 in
1089 847 1255 910 illum
1279 859 1557 912 tentaret.
1585 856 1639 930 4)
1670 854 1921 929 Horum,
1957 859 2010 934 5)

80 936 217 1000 dum
250 934 323 998 de
347 932 815 1017 Hungariagsub
856 931 1132 995 Ducibus
1173 932 1509 1019 egerimus,
1556 935 1899 998 meminisse
1936 961 2012 1000 ex

83 1043 195 1094 usu
225 1017 421 1082 suerit.
463 1018 617 1081 llluc
652 1029 931 1104 spectant
959 1016 1109 1080 haec
1136 1030 1452 1104 praeterea
1482 1040 1559 1081 ex
1579 1021 1802 1082 Annal.
1842 1023 2011 1085 Justi

79 1102 340 1170 Reuberi
370 1100 445 1165 ad
468 1125 526 1164 a.
549 1109 674 1166 805
713 1101 918 1179 „misit
947 1101 1277 1187 Chaganus
1305 1126 1489 1166 unum
1521 1126 1598 1166 ex
1626 1105 2013 1191 optimatibus

80 1188 208 1252 suis
238 1200 449 1275 pete-ns
477 1186 594 1249 sibi
623 1185 911 1250 honorem
941 1186 1269 1272 antiquum,
1295 1210 1481 1273 ,quem
1502 1187 1833 1275 Chaganus
1857 1191 2013 1278 apud

79 1277 294 1338 Hunos
342 1271 564 1335 habere
599 1271 860 1345 solebat3
909 1274 1081 1357 cujus
1128 1272 1410 1358 precibus
1442 1276 1779 1359 Imperator
1802 1299 2010 1338 assen-

80 1381 213 1421 sum
245 1357 548 1445 praebuit‚
596 1369 655 1420 et
696 1378 985 1419 summam
1008 1355 1200 1419 totius
1244 1357 1420 1443 regni
1449 1359 1659 1443 juxta
1701 1360 2013 1446 priscum

81 1465 318 1507 eorum
353 1443 565 1506 ritum
601 1440 824 1505 habere
859 1440 1228 1529 praecepit.“

213 1624 265 1696 3)
309 1626 380 1677 Ad
398 1641 513 1677 eum
538 1626 760 1688 modum,
793 1625 864 1676 uti
883 1626 1013 1691 apud
1041 1626 1184 1677 Caes·
1208 1626 1269 1677 de
1286 1626 1403 1677 bell.
1425 1627 1537 1693 gall.
1565 1628 1599 1678 l.
1623 1629 1676 1678 V.
1710 1644 1755 1678 c.
1779 1629 1890 1679 XIII
1911 1628 2010 1681 27.

78 1710 328 1762 Ambiorix
371 1726 488 1772 sua,
531 1711 622 1772 ait,
664 1726 776 1760 esse
814 1709 1058 1776 ejusmodi
1097 1709 1330 1776 imperia,
1375 1718 1431 1762 ut
1464 1727 1571 1765 non
1608 1713 1774 1764 minus
1812 1714 2016 1766 haberet

80 1796 131 1847 in
162 1811 216 1846 se
240 1795 369 1862 juris
398 1795 689 1857 multitud0‚
731 1811 878 1860 quam
908 1795 1016 1861 ipse
1045 1796 1097 1846 in
1128 1796 1511 1848 multitudinem.

212 1880 266 1949 4)
309 1881 450 1946 Apud
481 1880 744 1945 Theophil.
778 1880 811 1930 l.
846 1895 892 1930 6.

212 1964 264 2034 5)
309 1965 681 2030 verborumque
736 1965 1043 2015 celeberrimi
1092 1965 1279 2015 Guizoti
1346 1981 1495 2016 cours
1550 1967 1713 2018 d'hist.
1785 1968 1921 2018 mod.
1973 1969 2013 2018 1.

80 2065 193 2116 pag.
229 2047 372 2100 262.
407 2050 481 2112 „il
506 2049 712 2111 semble,
746 2065 841 2116 que
873 2047 946 2118 (la
975 2047 1206 2119 royaute)
1238 2050 1335 2100 soit
1364 2066 1462 2101 une
1492 2055 1610 2114 tete,
1645 2052 1727 2117 qui
1759 2067 1813 2102 se
1845 2053 2016 2117 puisse

79 2135 245 2201 placer
282 2150 369 2185 sur
405 2150 502 2185 une
540 2134 800 2185 multitude
843 2135 903 2185 de
943 2150 1094 2200 corps
1125 2135 1406 2197 (1111616315,
1447 2151 1515 2186 un
1546 2137 1688 2198 fruit,
1731 2137 1813 2202 qui
1844 2138 2015 2202 puisse

0 2261 2 2279 ,
80 2218 237 2270 naitre
268 2220 356 2270 des
387 2235 583 2285 germes
613 2219 686 2270 les
715 2219 829 2285 plus
861 2219 1062 2270 divers“
1094 2226 1144 2270 et
1174 2235 1298 2286 quae
1329 2227 1526 2286 praeter
1555 2221 1679 2273 haec
1718 2222 1810 2273 alia
1842 2222 2014 2272 eadem

81 2303 291 2356 lectione
320 2304 468 2356 tradit
497 2304 621 2355 alter
648 2304 730 2355 hic
760 2304 1049 2357 Aristoteles
1080 2319 1229 2356 aurea
1259 2305 1465 2355 monita.

949 2501 1136 2577 §aa

152 2650 230 2700 De
259 2649 419 2715 lege,
464 2664 640 2714 quam
670 2650 732 2700 in
761 2650 891 2700 acie
921 2650 1278 2701 instruenda
1309 2651 1606 2701 Varchuni
1637 2650 1941 2703 teneBant.

251 2798 416 2873 Lex,
464 2819 639 2883 quam
670 2800 913 2859 Avares
947 2796 1122 2860 victis
1156 2820 1264 2885 per
1293 2821 1360 2861 se
1381 2799 1645 2862 Slavinis
1684 2799 2016 2887 imperasse

82 2878 490 2967 Fredegarius
519 2894 813 2960 testatur,
855 2888 903 2962 1)
938 2894 1006 2945 ut
1035 2882 1253 2970 quippe
1283 2881 1344 2945 hi
1367 2883 1542 2971 primi
1572 2907 1835 2971 pugnam
1865 2885 2017 2948 inire

223 3064 270 3134 1)
314 3067 384 3116 Ad
422 3082 466 3117 a.
503 3064 643 3119 623.
680 3068 846 3130 „Slavi
884 3065 1097 3138 (vinidi)
1130 3068 1233 3134 jam
1264 3075 1437 3119 contra
1473 3068 1651 3117 Avares
1684 3074 2014 3131 cognomento

86 3151 309 3211 ChunoS‚
342 3157 391 3200 et
420 3151 604 3216 Regem
635 3169 808 3223 eorum
840 3153 1091 3218 Gaganum
1125 3159 1392 3219 caeperunt
1421 3152 1676 3202 rebellare.
1711 3151 1902 3200 Uvinidi
1925 3151 2019 3200 be-

85 3235 199 3285 fulci
230 3234 291 3303 (l.
316 3234 485 3284 bisulci
512 3236 588 3284 vel
611 3236 874 3306 praefulci)
908 3238 1136 3288 Chunis
1166 3239 1407 3288 fuerant
1429 3236 1546 3302 jam
1571 3235 1933 3298 antiquitus3
1969 3243 2019 3285 et

87 3334 201 3370 cum
226 3320 388 3370 Chuni
412 3320 462 3369 in
487 3320 703 3370 exercitu
727 3328 899 3371 contra
923 3328 1120 3387 gentem
1152 3321 1429 3387 quamlibet
1450 3319 1790 3384 agrediebant‚
1825 3318 2017 3369 Chuni

87 3418 192 3468 pro
232 3405 458 3455 castris
497 3405 757 3455 adunato
789 3405 1031 3456 illorum
1064 3408 1333 3457 exercitu
1365 3404 1630 3455 stabant:
1680 3402 1870 3452 Uvinidi
1901 3419 2016 3454 vero

87 3489 392 3553 pugnabant:
429 3489 470 3539 si
501 3505 615 3540 vero
646 3490 706 3539 ad
738 3489 1032 3541 vincendum
1063 3491 1433 3555 praevalebant,
1468 3475 1586 3539 tunc
1619 3486 1779 3537 Chuni
1809 3489 2018 3553 praedas
