2384 3886
1914 225 2036 282 125

106 361 471 448 amplissima
512 361 586 423 ad
633 359 969 434 consilium,
1022 381 1337 445 raramque
1375 362 1533 424 inter
1573 362 1786 448 Capita
1830 362 2035 446 gentis

105 446 557 508 consensionem
597 457 656 507 et
689 443 940 527 denique
974 442 1272 506 laudatam
1311 446 1521 509 Curtio
1555 449 1614 509 in
1647 446 1896 532 Scythis
1933 471 2037 509 ru—

13 542 23 549 ’
103 529 277 592 dibus
314 552 543 615 quoque
585 527 935 614 sapientiam
973 526 1250 611 pertinet.

99 773 178 822 lia
214 772 454 837 jussimus
492 785 727 835 pergere,
771 770 993 834 partibus
1022 770 1266 820 Avariae
1298 771 1346 819 in
1378 771 1675 821 Hunnorum
1707 775 1917 823 confinia
1948 791 2034 824 re—

99 857 386 916 sidendum,
428 861 751 919 perrexerunt
788 855 913 903 infra
944 856 1068 904 fines
1098 855 1380 919 ipsorum.“
1424 856 1557 905 Bene
1589 856 1751 920 itaque
1783 859 1876 907 hos
1907 859 2032 908 Pas-

97 956 214 1000 cua,
263 941 598 989 Romanorum
629 939 862 988 Notarius
891 939 949 988 B.
984 939 1042 988 R.
1076 945 1235 988 vocat.
1283 939 1492 989 Avarum
1525 947 1574 989 et
1603 934 1901 990 Hunnorum
1934 958 2030 991 no-

95 1021 309 1072 minihus
339 1029 611 1087 personant
640 1024 786 1073 etiam
817 1023 987 1073 literae
1017 1023 1250 1073 Ludovici
1280 1023 1348 1087 pii
1373 1024 1433 1072 de
1464 1040 1510 1073 a.
1547 1021 1688 1075 823.
1725 1025 1780 1074 C.
1808 1024 1867 1074 D.
1903 1026 1959 1075 Τ.
1989 1027 2024 1075 Ι.

1 1099 4 1107 *
93 1124 143 1172 p.
182 1105 320 1157 155.
370 1107 541 1156 confer
571 1113 620 1157 et
648 1106 931 1173 Rajzolatok
963 1108 1135 1172 Steph.
1173 1108 1403 1157 Horvath.

962 1393 1005 1468 S
1052 1395 1149 1467 172

460 1574 798 1640 meritoque
842 1574 1138 1624 virtutum
1183 1573 1406 1639 Arpadi
1452 1580 1646 1634 tanta,

257 1780 390 1840 Hac
421 1777 569 1841 duce
598 1778 926 1854 PrimoreS‚
959 1776 1095 1839 dum
1124 1789 1289 1840 recte
1318 1775 1650 1862 provident,
1683 1792 1800 1840 non
1825 1777 2018 1863 pactis

85 1883 275 1947 nuper
296 1862 481 1938 initis,
520 1862 627 1925 sed
656 1862 950 1959 religione
983 1874 1044 1925 et
1076 1861 1432 1938 constantia,
1474 1885 1592 1946 qua
1623 1862 1773 1924 fides
1806 1862 2016 1924 horum

83 1947 529 2034 praestaretur,
584 1970 795 2032 peragl
831 1970 971 2010 orsa
1002 1969 1219 2032 posse3
1286 1945 1432 2007 nihil
1469 1947 1759 2008 cavebant
1798 1948 2016 2031 magiS‚

84 2054 290 2117 quam,
367 2055 442 2094 ne
487 2031 628 2116 quid
678 2031 795 2093 nisi
851 2031 1262 2094 consentiente
1310 2029 1721 2117 probanteque
1765 2031 2016 2117 Arpado

84 2116 508 2202 susciperetur.
553 2116 865 2192 Vicissim,
914 2139 1065 2201 quae
1098 2115 1214 2201 ipsi
1248 2139 1279 2178 e
1309 2115 1615 2201 republica
1649 2116 1776 2178 sore
1805 2139 2015 2178 censu-

0 2262 1 2272 ,
82 2213 274 2277 erunt,
319 2197 557 2263 fuerant
593 2214 791 2264 autem
821 2197 1109 2286 ejusmodi
1152 2200 1326 2284 plura
1369 2212 1458 2280 (et
1492 2199 1637 2262 illud
1672 2199 1907 2285 quidem
1943 2199 2014 2263 de

77 2285 344 2348 Moravis
377 2285 816 2361 NitriensibUS‚
863 2284 963 2370 qui
1001 2307 1191 2369 nuper
1232 2307 1418 2368 aegre
1456 2283 1768 2346 admodum
1815 2283 2012 2347 debel-

0 2412 3 2435 ;
44 2369 187 2432 'lari
230 2382 533 2456 poterant,
585 2394 705 2433 non
736 2383 935 2432 tamen
979 2368 1039 2431 in
1077 2368 1428 2431 servitutem
1472 2368 1848 2453 redigendiS‚
1905 2368 2011 2431 sed

74 2454 508 2518 transferendis
547 2455 680 2532 alio,
714 2453 1121 2538 donandisque
1148 2475 1303 2538 agro
1341 2453 1672 2530 consilium,
1707 2477 1893 2540 prope
1926 2453 2010 2515 di-

0 2550 3 2586 ;
73 2539 271 2618 vinum
324 2545 480 2617 erat)
538 2539 684 2602 haec
723 2562 758 2600 a
791 2539 1028 2601 volente
1088 2537 1336 2623 Arpado
1387 2538 1657 2600 tulerunt
1708 2538 1916 2600 omnia.
1960 2545 2007 2616 Ι)

0 2611 4 2680 l
72 2623 177 2685 Sic
198 2647 339 2686 vero
375 2623 490 2684 alia
519 2647 591 2685 ex
626 2623 759 2685 aliis
798 2635 1227 2684 successerunt
1258 2621 1395 2683 fidei
1422 2621 1483 2682 in
1512 2622 1852 2708 Principem
1881 2621 2003 2683 vin-

0 2716 5 2754 *
70 2709 230 2786 cula,
279 2731 528 2792 quorum
565 2707 975 2784 fortissimum·
1006 2705 1248 2792 propria
1284 2706 1339 2766 is
1379 2706 1624 2782 virtute,
1689 2719 1775 2782 et,
1823 2706 2006 2792 aptis—

0 2761 5 2818 ἰ
69 2792 218 2856 simo
261 2794 335 2857 ad
377 2792 678 2878 gerendas
720 2814 827 2854 res
871 2812 1125 2876 magnas
1173 2790 1323 2867 telo,
1370 2813 1569 2852 amore
1609 2790 1810 2878 populi
1851 2814 2005 2853 com-

63 2878 309 2963 paravit.

200 3154 244 3213 1)
289 3151 400 3201 Not.
445 3152 550 3202 Bel.
591 3154 649 3203 R.
701 3170 746 3204 c.
786 3154 1017 3204 XXXVII.
1061 3154 1169 3204 Dux
1206 3153 1365 3218 Arpad
1418 3150 1625 3202 consilio
1674 3156 1720 3198 et
1765 3147 2001 3212 petitione

65 3252 266 3286 suorum
312 3236 556 3286 Nobilium
590 3238 802 3296 donavit,
858 3246 1061 3303 accepto
1098 3238 1382 3303 juramento
1423 3235 1710 3293 infidelium,
1754 3239 1912 3281 terras
1949 3233 2000 3281 iu

62 3321 264 3371 diversis
306 3321 428 3370 locis
472 3321 735 3385 praedictis
776 3323 1054 3372 infidelibus
1101 3324 1160 3371 de
1203 3322 1425 3387 partibus
1456 3317 1784 3370 Nitriensibus
1816 3316 1998 3378 ductis,

61 3411 115 3454 ut
143 3421 205 3455 ne
234 3405 495 3470 aliquando
529 3398 827 3454 infideliores
858 3407 990 3467 sacti,
1023 3407 1336 3471 repatriando
1376 3408 1616 3454 nocerent
1648 3400 1739 3448 sihi
1771 3400 2001 3450 fidelihus

58 3488 106 3538 in
137 3490 350 3540 confinio
381 3490 567 3539 Nitriae
600 3489 951 3540 habitantibus·
1011 3490 1090 3540 Sic
1121 3491 1273 3540 Nitria
1305 3491 1525 3552 hungara
1559 3486 1685 3535 facta
1717 3491 1809 3534 est.
