2384 3886
1894 207 2017 265 199

108 349 276 432 Rege
306 345 590 425 obtinuit,
626 349 879 433 juvenes
910 344 1143 407 clariori
1171 346 1293 408 nati
1320 368 1544 432 genere
1572 345 1646 410 ad
1676 346 1870 408 aulam
1900 349 2012 409 Re-

109 431 270 518 giam
302 430 723 509 educarentur,
768 430 830 492 in
862 441 1206 517 perpetuam
1251 431 1406 517 apud
1443 435 1648 517 Reges
1697 430 1903 518 stirpis
1934 430 2018 492 vi-

107 516 236 579 rilis
281 517 664 605 Arpadianae
702 513 1181 579 consuetudinem
1205 516 1381 578 venit.
1431 516 1692 580 Mathias
1713 517 1893 580 Belae
1909 518 2021 579 lV.

105 602 376 666 Junioris
420 603 611 689 Regis
658 599 984 673 Notarius3
1048 599 1444 663 Lodomerius
1493 601 1633 664 item
1676 602 1748 666 de
1796 625 2020 688 genere

63 737 83 754 -,
104 689 419 751 Monoszlo
451 686 772 751 acerrimus
801 684 1174 748 autonomiae
1206 685 1401 770 Regni
1433 684 1722 749 adversus
1762 686 2021 751 domina-

105 785 229 836 tum
266 772 620 836 Pontificum
659 794 1032 834 romanorum
1067 769 1311 847 vindex,
1359 770 1531 834 ambo
1567 772 2021 860 Archiepiscopi

107 859 242 921 olim
282 857 771 943 strigonienses,
831 857 892 919 in
938 853 1052 919 hoc
1094 856 1479 920 adoleverunt
1522 856 1826 930 institut03
1886 858 2022 920 dum

105 943 305 1029 itaque
351 942 560 1006 horum
622 941 683 1004 in
737 942 962 1005 honore
1021 942 1299 1005 memoria
1341 942 1483 1016 erit3
1542 966 1778 1029 semper
1819 943 2024 1006 laudes

108 1052 341 1114 quoque
384 1041 506 1091 tam
567 1028 849 1092 salutaris
902 1027 975 1090 ad
1010 1027 1348 1116 formandos
1390 1051 1587 1092 mores
1625 1027 1854 1092 consilii
1893 1052 2024 1115 per-

106 1113 439 1176 manebunt.
469 1120 515 1193 1)

248 1273 290 1332 ¹)
335 1271 479 1320 Belae
510 1271 586 1320 IV.
620 1271 671 1319 in
701 1270 773 1320 lit.
806 1285 850 1320 a.
880 1263 1038 1320 12228
1071 1270 1132 1319 de
1163 1270 1219 1320 C.
1253 1270 1497 1320 Herborto
1529 1268 1626 1318 filio
1659 1268 1785 1318 Osth
1818 1268 2023 1319 Comitis

8 1361 30 1421 f
111 1372 176 1416 „a
206 1363 372 1405 tenera
395 1356 554 1405 adhuc
578 1362 733 1406 aetate
757 1361 944 1417 nostra,
978 1355 1159 1421 pariter
1189 1362 1238 1405 et
1270 1371 1375 1416 sua,
1407 1356 1458 1405 in
1488 1361 1659 1404 nostra
1690 1354 1823 1405 curia
1853 1354 2025 1404 lauda-

111 1441 270 1490 biliter
306 1441 603 1491 educatuS.“
650 1441 706 1491 In
748 1441 854 1490 aliis
885 1441 944 1490 de
975 1455 1104 1490 anno
1141 1435 1302 1490 1264·
1347 1441 1413 1490 Μ.
1445 1439 1708 1490 Laurentio
1740 1440 1876 1490 aulae
1909 1456 2026 1491 suae

106 1526 265 1576 Judici
292 1533 341 1577 et
363 1527 562 1576 Rectori
592 1527 718 1577 datis
751 1541 905 1589 „cum
935 1525 1095 1577 adhuc
1125 1525 1176 1576 in
1206 1542 1414 1576 numero
1447 1542 1535 1575 seu
1566 1524 1769 1590 collegio
1789 1525 2025 1591 juvenum

108 1612 283 1662 domus
321 1619 520 1663 nostrae
557 1613 735 1663 famam
774 1611 1066 1677 pollentem,
1117 1618 1166 1661 et
1210 1627 1393 1661 nomen
1443 1611 1645 1661 duceret
1695 1611 2025 1675 gloriosum.“

107 1697 227 1747 Elis.
250 1698 369 1763 Reg.
398 1699 448 1748 in
470 1698 541 1747 lit.
575 1713 619 1747 a.
651 1693 810 1747 1285
836 1697 979 1748 etiam
1014 1696 1262 1763 „juvenes
1284 1698 1460 1747 domus
1491 1701 1726 1747 nostrae“
1760 1704 2018 1746 memorat.

32 1806 37 1813 ’
108 1783 181 1831 Ex
211 1783 286 1832 his
317 1783 406 1833 fuit
434 1782 729 1833 Luchatsius
761 1798 955 1848 quoque
985 1782 1214 1833 victoriae
1246 1783 1307 1832 de
1338 1782 1526 1832 Chunis
1565 1782 1743 1832 relatae
1783 1798 1827 1831 a.
1867 1776 2028 1832 1284

15 1859 18 1862 ⁴
107 1852 336 1918 nuricius,
390 1868 602 1918 ‚Iuvenes
640 1867 924 1933 hujusmodi
964 1874 1159 1933 praeter
1194 1868 1474 1933 Episcopos
1517 1875 1564 1918 et
1602 1868 1857 1918 Praesules
1888 1868 2028 1928 alioS‚

108 1953 252 2003 ctiam
285 1953 500 2004 Comites
532 1954 756 2004 nonnulli
786 1953 1042 2014 tenebant,
1076 1954 1312 2019 hungaris
1341 1954 1418 2018 Ap
1432 1954 1538 2004 rod
1569 1954 1629 2003 ad
1662 1953 2029 2003 similitudinem

16 2029 27 2083 ζ
107 2038 276 2088 Poris
314 2039 499 2104 antiqui
535 2039 816 2091 latinorum.
865 2038 1053 2089 Horum
1083 2054 1111 2088 e
1148 2054 1354 2090 numero
1386 2045 1486 2101 est,
1527 2045 1828 2088 memoratus
1865 2039 1916 2088 in
1956 2039 2028 2089 lit.

108 2123 226 2174 Lad.
254 2124 331 2174 IV.
365 2125 425 2185 de
455 2140 500 2175 a.
536 2121 716 2174 1281.
749 2126 803 2175 V.
828 2120 883 2175 3.
915 2140 966 2190 p.
994 2121 1111 2175 122
1143 2140 1359 2191 parvus
1390 2124 1685 2185 serviem,
1719 2131 1768 2174 et
1792 2124 1916 2176 And.
1943 2125 2027 2175 111.

110 2209 346 2261 Ratuldus
377 2206 466 2279 (ad
496 2225 541 2263 a.
579 2207 767 2273 1299)
798 2210 1101 2276 parvulus.

975 2390 1017 2467 §
1064 2392 1160 2449 16.

111 2549 168 2592 et
207 2541 477 2608 hospitia
506 2542 720 2593 Romae
762 2542 1038 2607 locisque
1082 2542 1217 2591 aliis
1259 2542 1413 2607 apud
1452 2549 1692 2592 exteros
1731 2558 1835 2607 pro
1875 2543 2032 2592 hun-

162 2627 322 2693 garis
362 2634 589 2690 erecta,
631 2628 904 2693 captivae
941 2627 1238 2692 pecuniae
1279 2627 1776 2693 propriarumque
1816 2644 1988 2694 opum

638 2720 865 2778 partem
904 2729 1169 2778 magnam
1207 2712 1499 2778 impendit

292 2860 486 2939 ldem,
552 2884 683 2924 cum
744 2862 897 2925 felici
936 2865 1365 2947 Hungarorum
1418 2860 1662 2947 ingenio
1726 2862 2031 2925 Palladem

111 2957 417 3032 utramque
450 2972 523 3011 ex
557 2970 743 3033 aequo
776 2946 1089 3035 propitiam
1127 2946 1387 3023 videret,
1433 2950 1657 3011 Romae
1700 2971 1932 3033 quoque
1976 2960 2036 3010 et

111 3030 172 3092 in
205 3054 353 3116 agro
380 3034 820 3097 Ravennatensi
838 3084 852 3111 ,
887 3033 1405 3120 Constantinopoli
1434 3045 1747 3121 praeterea
1775 3032 2035 3119 hospitia

114 3139 244 3178 cum
297 3114 539 3179 aedibus
594 3119 784 3181 sacris
834 3118 1084 3196 struxit,
1145 3119 1587 3204 liberaliterque
1635 3117 2035 3205 locupletavit,

31 3235 38 3243 =
113 3214 180 3265 ut
221 3200 400 3263 divini
435 3203 630 3265 cultus
658 3216 760 3267 aut
791 3204 1097 3268 literarum
1129 3205 1445 3268 latinarum
1467 3212 1515 3285 1)
1550 3204 1643 3266 vel
1679 3226 2031 3288 graecarum

253 3361 294 3419 1)
341 3359 537 3408 Veteres
577 3358 1016 3409 Grammaticorum
1049 3360 1243 3410 scholas
1273 3361 1457 3411 Romae
1488 3366 1536 3410 et
1565 3359 1847 3419 Ravennae,
1889 3365 2034 3424 atque

62 3502 65 3506 ,
117 3442 166 3492 in
212 3443 332 3493 urhe
379 3444 472 3494 hac
525 3460 626 3495 sec.
677 3444 823 3495 etiam
871 3444 1134 3497 undecimo
1179 3446 1406 3498 floruisse
1455 3451 1663 3496 constat.
1735 3443 1850 3495 Vide
1898 3444 2035 3496 Savi-

0 3574 3 3578 .
40 3595 45 3601 ¹
120 3528 363 3593 gniumo.
399 3546 443 3579 c.
