<?xml version="1.0" encoding="UTF-8"?>
<!DOCTYPE html PUBLIC "-//W3C//DTD XHTML 1.0 Transitional//EN"
    "http://www.w3.org/TR/xhtml1/DTD/xhtml1-transitional.dtd">
<html xmlns="http://www.w3.org/1999/xhtml" xml:lang="en" lang="en">
 <head>
  <title>
</title>
<meta http-equiv="Content-Type" content="text/html;charset=utf-8" />
  <meta name='ocr-system' content='tesseract 3.04.00' />
  <meta name='ocr-capabilities' content='ocr_page ocr_carea ocr_par ocr_line ocrx_word'/>
</head>
<body>
  <div class='ocr_page' id='page_1' title='image "./commentariorumad01bart_0299.png"; bbox 0 0 2384 3886; ppageno 0'>
   <div class='ocr_carea' id='block_1_1' title="bbox 0 2166 49 3886">
    <p class='ocr_par' dir='ltr' id='par_1_1' title="bbox 0 2166 49 3886">
     <span class='ocr_line' id='line_1_1' title="bbox 0 2166 49 3886; baseline 0 0"><span class='ocrx_word' id='word_1_1' title='bbox 0 2166 49 3886; x_wconf 95' lang='lat' dir='ltr'> </span> 
     </span>
    </p>
   </div>
   <div class='ocr_carea' id='block_1_2' title="bbox 1862 242 1975 299">
    <p class='ocr_par' dir='ltr' id='par_1_2' title="bbox 1862 242 1975 299">
     <span class='ocr_line' id='line_1_2' title="bbox 1862 242 1975 299; baseline 0 -2"><span class='ocrx_word' id='word_1_2' title='bbox 1862 242 1975 299; x_wconf 81' lang='lat'>291</span> 
     </span>
    </p>
   </div>
   <div class='ocr_carea' id='block_1_3' title="bbox 0 378 1988 1663">
    <p class='ocr_par' dir='ltr' id='par_1_3' title="bbox 0 378 1988 1663">
     <span class='ocr_line' id='line_1_3' title="bbox 77 378 1986 465; baseline 0.001 -24"><span class='ocrx_word' id='word_1_3' title='bbox 77 381 166 442; x_wconf 88' lang='lat' dir='ltr'>lae</span> <span class='ocrx_word' id='word_1_4' title='bbox 227 378 508 442; x_wconf 79' lang='lat' dir='ltr'><strong>Andreae</strong></span> <span class='ocrx_word' id='word_1_5' title='bbox 549 382 626 441; x_wconf 92' lang='lat'>11.</span> <span class='ocrx_word' id='word_1_6' title='bbox 692 378 1014 465; x_wconf 87' lang='lat' dir='ltr'>composita</span> <span class='ocrx_word' id='word_1_7' title='bbox 1049 384 1103 458; x_wconf 74' lang='lat'>⁴)</span> <span class='ocrx_word' id='word_1_8' title='bbox 1170 401 1319 464; x_wconf 88' lang='lat' dir='ltr'>quae</span> <span class='ocrx_word' id='word_1_9' title='bbox 1375 379 1460 442; x_wconf 87' lang='lat' dir='ltr'>ita</span> <span class='ocrx_word' id='word_1_10' title='bbox 1514 379 1759 444; x_wconf 89' lang='lat' dir='ltr'>habent:</span> <span class='ocrx_word' id='word_1_11' title='bbox 1809 381 1986 444; x_wconf 88' lang='lat' dir='ltr'>tertia</span> 
     </span>
     <span class='ocr_line' id='line_1_4' title="bbox 0 461 1983 553; baseline 0 -26"><span class='ocrx_word' id='word_1_12' title='bbox 0 540 3 546; x_wconf 7' lang='grc' dir='ltr'><strong>ζ</strong></span> <span class='ocrx_word' id='word_1_13' title='bbox 77 475 206 541; x_wconf 88' lang='lat' dir='ltr'>est,</span> <span class='ocrx_word' id='word_1_14' title='bbox 266 464 419 550; x_wconf 91' lang='lat' dir='ltr'>quod</span> <span class='ocrx_word' id='word_1_15' title='bbox 448 464 633 551; x_wconf 87' lang='lat' dir='ltr'>justis</span> <span class='ocrx_word' id='word_1_16' title='bbox 670 486 870 527; x_wconf 90' lang='lat' dir='ltr'>eorum</span> <span class='ocrx_word' id='word_1_17' title='bbox 897 461 1135 547; x_wconf 89' lang='lat' dir='ltr'>juribus</span> <span class='ocrx_word' id='word_1_18' title='bbox 1171 476 1229 526; x_wconf 90' lang='lat' dir='ltr'>et</span> <span class='ocrx_word' id='word_1_19' title='bbox 1263 464 1535 528; x_wconf 87' lang='lat' dir='ltr'>omnibus</span> <span class='ocrx_word' id='word_1_20' title='bbox 1575 466 1983 553; x_wconf 79' lang='lat' dir='ltr'>proventibus,</span> 
     </span>
     <span class='ocr_line' id='line_1_5' title="bbox 72 547 1983 636; baseline 0.002 -25"><span class='ocrx_word' id='word_1_21' title='bbox 72 549 230 612; x_wconf 91' lang='lat' dir='ltr'>intra</span> <span class='ocrx_word' id='word_1_22' title='bbox 274 550 558 613; x_wconf 88' lang='lat' dir='ltr'>terminos</span> <span class='ocrx_word' id='word_1_23' title='bbox 616 547 1047 612; x_wconf 84' lang='lat' dir='ltr'>territoriorum</span> <span class='ocrx_word' id='word_1_24' title='bbox 1104 571 1346 611; x_wconf 90' lang='lat' dir='ltr'>suorum</span> <span class='ocrx_word' id='word_1_25' title='bbox 1386 551 1794 636; x_wconf 88' lang='lat' dir='ltr'>adjacentibus</span> <span class='ocrx_word' id='word_1_26' title='bbox 1841 551 1983 614; x_wconf 90' lang='lat' dir='ltr'>libe-</span> 
     </span>
     <span class='ocr_line' id='line_1_6' title="bbox 72 632 1983 724; baseline 0 -26"><span class='ocrx_word' id='word_1_27' title='bbox 72 658 198 698; x_wconf 91' lang='lat' dir='ltr'>ram</span> <span class='ocrx_word' id='word_1_28' title='bbox 234 658 493 722; x_wconf 82' lang='lat' dir='ltr'>semper,</span> <span class='ocrx_word' id='word_1_29' title='bbox 534 646 712 721; x_wconf 89' lang='lat' dir='ltr'>prout</span> <span class='ocrx_word' id='word_1_30' title='bbox 758 633 992 708; x_wconf 87' lang='lat' dir='ltr'>volunt,</span> <span class='ocrx_word' id='word_1_31' title='bbox 1045 632 1276 696; x_wconf 88' lang='lat' dir='ltr'>fruendi</span> <span class='ocrx_word' id='word_1_32' title='bbox 1312 634 1569 700; x_wconf 82' lang='lat' dir='ltr'>habeant</span> <span class='ocrx_word' id='word_1_33' title='bbox 1607 649 1983 724; x_wconf 88' lang='lat' dir='ltr'>potestatem,</span> 
     </span>
     <span class='ocr_line' id='line_1_7' title="bbox 0 717 1983 806; baseline 0.002 -24"><span class='ocrx_word' id='word_1_34' title='bbox 0 722 7 805; x_wconf 39' lang='grc' dir='ltr'>ζ</span> <span class='ocrx_word' id='word_1_35' title='bbox 73 720 148 783; x_wconf 91' lang='lat' dir='ltr'>ab</span> <span class='ocrx_word' id='word_1_36' title='bbox 197 721 464 806; x_wconf 92' lang='lat' dir='ltr'>omnique</span> <span class='ocrx_word' id='word_1_37' title='bbox 514 717 939 782; x_wconf 81' lang='lat' dir='ltr'>conditionaria</span> <span class='ocrx_word' id='word_1_38' title='bbox 987 717 1276 781; x_wconf 88' lang='lat' dir='ltr'>servitute</span> <span class='ocrx_word' id='word_1_39' title='bbox 1321 743 1391 782; x_wconf 90' lang='lat' dir='ltr'>ac</span> <span class='ocrx_word' id='word_1_40' title='bbox 1444 720 1734 784; x_wconf 90' lang='lat' dir='ltr'>datiarum</span> <span class='ocrx_word' id='word_1_41' title='bbox 1771 736 1831 786; x_wconf 92' lang='lat' dir='ltr'>et</span> <span class='ocrx_word' id='word_1_42' title='bbox 1868 723 1983 785; x_wconf 91' lang='lat' dir='ltr'>col-</span> 
     </span>
     <span class='ocr_line' id='line_1_8' title="bbox 72 802 1984 894; baseline -0.001 -23.036"><span class='ocrx_word' id='word_1_43' title='bbox 72 807 387 882; x_wconf 90' lang='lat' dir='ltr'>lectarum,</span> <span class='ocrx_word' id='word_1_44' title='bbox 429 804 813 881; x_wconf 88' lang='lat' dir='ltr'>tributorum,</span> <span class='ocrx_word' id='word_1_45' title='bbox 858 802 1265 889; x_wconf 81' lang='lat' dir='ltr'>vectigalium,</span> <span class='ocrx_word' id='word_1_46' title='bbox 1310 806 1862 894; x_wconf 89' lang='lat' dir='ltr'>tricesimarumque</span> <span class='ocrx_word' id='word_1_47' title='bbox 1889 831 1984 870; x_wconf 90' lang='lat' dir='ltr'>so-</span> 
     </span>
     <span class='ocr_line' id='line_1_9' title="bbox 75 889 1984 978; baseline 0.001 -24"><span class='ocrx_word' id='word_1_48' title='bbox 75 890 296 954; x_wconf 90' lang='lat' dir='ltr'>lutione</span> <span class='ocrx_word' id='word_1_49' title='bbox 346 913 452 978; x_wconf 87' lang='lat' dir='ltr'>per</span> <span class='ocrx_word' id='word_1_50' title='bbox 509 890 700 953; x_wconf 91' lang='lat' dir='ltr'>omnia</span> <span class='ocrx_word' id='word_1_51' title='bbox 760 889 1050 952; x_wconf 92' lang='lat' dir='ltr'>immunes</span> <span class='ocrx_word' id='word_1_52' title='bbox 1104 902 1163 971; x_wconf 91' lang='lat' dir='ltr'>et</span> <span class='ocrx_word' id='word_1_53' title='bbox 1209 890 1427 953; x_wconf 85' lang='lat' dir='ltr'>exemti</span> <span class='ocrx_word' id='word_1_54' title='bbox 1475 890 1835 966; x_wconf 82' lang='lat' dir='ltr'>habeantur3</span> <span class='ocrx_word' id='word_1_55' title='bbox 1881 895 1984 955; x_wconf 93' lang='lat' dir='ltr'>mi-</span> 
     </span>
     <span class='ocr_line' id='line_1_10' title="bbox 46 974 1986 1062; baseline 0.001 -23"><span class='ocrx_word' id='word_1_56' title='bbox 46 978 241 1039; x_wconf 90' lang='lat' dir='ltr'>litare</span> <span class='ocrx_word' id='word_1_57' title='bbox 281 976 565 1039; x_wconf 82' lang='lat' dir='ltr'><strong>duntaxat</strong></span> <span class='ocrx_word' id='word_1_58' title='bbox 615 998 723 1062; x_wconf 87' lang='lat' dir='ltr'>pro</span> <span class='ocrx_word' id='word_1_59' title='bbox 758 975 935 1061; x_wconf 81' lang='lat' dir='ltr'>regni</span> <span class='ocrx_word' id='word_1_60' title='bbox 995 974 1338 1039; x_wconf 89' lang='lat' dir='ltr'>defensione</span> <span class='ocrx_word' id='word_1_61' title='bbox 1390 988 1684 1041; x_wconf 90' lang='lat' dir='ltr'>tenentur.</span> <span class='ocrx_word' id='word_1_62' title='bbox 1752 978 1986 1062; x_wconf 86' lang='lat' dir='ltr'>Hisque</span> 
     </span>
     <span class='ocr_line' id='line_1_11' title="bbox 21 1059 1987 1150; baseline -0.001 -25"><span class='ocrx_word' id='word_1_63' title='bbox 21 1059 23 1061; x_wconf 33' lang='lat'><strong><em>¹</em></strong></span> <span class='ocrx_word' id='word_1_64' title='bbox 73 1061 282 1150; x_wconf 88' lang='lat' dir='ltr'>positis</span> <span class='ocrx_word' id='word_1_65' title='bbox 311 1074 475 1125; x_wconf 89' lang='lat' dir='ltr'>tuum</span> <span class='ocrx_word' id='word_1_66' title='bbox 486 1065 610 1148; x_wconf 89' lang='lat' dir='ltr'>jam</span> <span class='ocrx_word' id='word_1_67' title='bbox 634 1073 764 1124; x_wconf 89' lang='lat' dir='ltr'>esto</span> <span class='ocrx_word' id='word_1_68' title='bbox 787 1060 1090 1147; x_wconf 87' lang='lat' dir='ltr'>judicium,</span> <span class='ocrx_word' id='word_1_69' title='bbox 1130 1060 1393 1147; x_wconf 88' lang='lat' dir='ltr'>quidilla</span> <span class='ocrx_word' id='word_1_70' title='bbox 1424 1062 1499 1125; x_wconf 92' lang='lat' dir='ltr'>ad</span> <span class='ocrx_word' id='word_1_71' title='bbox 1519 1062 1748 1126; x_wconf 91' lang='lat' dir='ltr'>initium</span> <span class='ocrx_word' id='word_1_72' title='bbox 1777 1063 1987 1125; x_wconf 92' lang='lat' dir='ltr'>Bullae</span> 
     </span>
     <span class='ocr_line' id='line_1_12' title="bbox 74 1146 1984 1232; baseline -0.001 -21"><span class='ocrx_word' id='word_1_73' title='bbox 74 1147 492 1227; x_wconf 80' lang='lat' dir='ltr'>„concedimus</span> <span class='ocrx_word' id='word_1_74' title='bbox 535 1146 622 1209; x_wconf 91' lang='lat' dir='ltr'>eis</span> <span class='ocrx_word' id='word_1_75' title='bbox 672 1146 1007 1210; x_wconf 90' lang='lat' dir='ltr'>libertatem</span> <span class='ocrx_word' id='word_1_76' title='bbox 1054 1169 1089 1208; x_wconf 91' lang='lat' dir='ltr'>a</span> <span class='ocrx_word' id='word_1_77' title='bbox 1129 1158 1337 1210; x_wconf 86' lang='lat' dir='ltr'>sancto</span> <span class='ocrx_word' id='word_1_78' title='bbox 1385 1150 1554 1232; x_wconf 81' lang='lat' dir='ltr'>Rege</span> <span class='ocrx_word' id='word_1_79' title='bbox 1597 1158 1984 1211; x_wconf 84' lang='lat' dir='ltr'>concessam“</span> 
     </span>
     <span class='ocr_line' id='line_1_13' title="bbox 75 1231 1986 1320; baseline 0 -24"><span class='ocrx_word' id='word_1_80' title='bbox 75 1232 453 1319; x_wconf 71' lang='lat' dir='ltr'>significent?</span> <span class='ocrx_word' id='word_1_81' title='bbox 497 1232 647 1295; x_wconf 90' lang='lat' dir='ltr'>Mihi</span> <span class='ocrx_word' id='word_1_82' title='bbox 676 1231 906 1318; x_wconf 90' lang='lat' dir='ltr'>quidem</span> <span class='ocrx_word' id='word_1_83' title='bbox 934 1233 1095 1318; x_wconf 82' lang='lat' dir='ltr'>grati</span> <span class='ocrx_word' id='word_1_84' title='bbox 1128 1231 1275 1294; x_wconf 88' lang='lat' dir='ltr'>haec</span> <span class='ocrx_word' id='word_1_85' title='bbox 1302 1232 1477 1295; x_wconf 91' lang='lat' dir='ltr'>animi</span> <span class='ocrx_word' id='word_1_86' title='bbox 1507 1233 1689 1297; x_wconf 89' lang='lat' dir='ltr'>verba</span> <span class='ocrx_word' id='word_1_87' title='bbox 1717 1246 1986 1320; x_wconf 91' lang='lat' dir='ltr'>postero-</span> 
     </span>
     <span class='ocr_line' id='line_1_14' title="bbox 72 1317 1987 1405; baseline -0.001 -24"><span class='ocrx_word' id='word_1_88' title='bbox 72 1342 203 1381; x_wconf 92' lang='lat' dir='ltr'>rum</span> <span class='ocrx_word' id='word_1_89' title='bbox 235 1331 409 1394; x_wconf 90' lang='lat' dir='ltr'>sunt,</span> <span class='ocrx_word' id='word_1_90' title='bbox 457 1342 700 1405; x_wconf 91' lang='lat' dir='ltr'>quorum</span> <span class='ocrx_word' id='word_1_91' title='bbox 737 1341 812 1380; x_wconf 89' lang='lat' dir='ltr'>ex</span> <span class='ocrx_word' id='word_1_92' title='bbox 843 1341 1056 1394; x_wconf 69' lang='lat' dir='ltr'>sensti,</span> <span class='ocrx_word' id='word_1_93' title='bbox 1113 1317 1266 1403; x_wconf 91' lang='lat' dir='ltr'>quod</span> <span class='ocrx_word' id='word_1_94' title='bbox 1305 1321 1436 1381; x_wconf 85' lang='lat' dir='ltr'>Rex</span> <span class='ocrx_word' id='word_1_95' title='bbox 1478 1319 1648 1395; x_wconf 88' lang='lat' dir='ltr'>fecit,</span> <span class='ocrx_word' id='word_1_96' title='bbox 1696 1320 1794 1405; x_wconf 90' lang='lat' dir='ltr'>qui</span> <span class='ocrx_word' id='word_1_97' title='bbox 1830 1342 1987 1380; x_wconf 93' lang='lat' dir='ltr'>sum-</span> 
     </span>
     <span class='ocr_line' id='line_1_15' title="bbox 74 1402 1988 1490; baseline -0.001 -23"><span class='ocrx_word' id='word_1_98' title='bbox 74 1427 227 1467; x_wconf 90' lang='lat' dir='ltr'>mam</span> <span class='ocrx_word' id='word_1_99' title='bbox 262 1405 413 1465; x_wconf 90' lang='lat' dir='ltr'>hanc</span> <span class='ocrx_word' id='word_1_100' title='bbox 448 1407 640 1467; x_wconf 86' lang='lat' dir='ltr'>avitae</span> <span class='ocrx_word' id='word_1_101' title='bbox 668 1403 983 1480; x_wconf 78' lang='lat' dir='ltr'>libertatiS,</span> <span class='ocrx_word' id='word_1_102' title='bbox 1012 1403 1098 1466; x_wconf 90' lang='lat' dir='ltr'>uti</span> <span class='ocrx_word' id='word_1_103' title='bbox 1128 1404 1302 1490; x_wconf 86' lang='lat' dir='ltr'>paulo</span> <span class='ocrx_word' id='word_1_104' title='bbox 1330 1417 1467 1467; x_wconf 91' lang='lat' dir='ltr'>ante</span> <span class='ocrx_word' id='word_1_105' title='bbox 1491 1405 1686 1467; x_wconf 89' lang='lat' dir='ltr'>citatis</span> <span class='ocrx_word' id='word_1_106' title='bbox 1712 1402 1785 1467; x_wconf 90' lang='lat' dir='ltr'>ad</span> <span class='ocrx_word' id='word_1_107' title='bbox 1807 1405 1988 1466; x_wconf 88' lang='lat' dir='ltr'>filium</span> 
     </span>
     <span class='ocr_line' id='line_1_16' title="bbox 73 1489 1988 1577; baseline 0.001 -25"><span class='ocrx_word' id='word_1_108' title='bbox 73 1489 313 1553; x_wconf 89' lang='lat' dir='ltr'>monitis</span> <span class='ocrx_word' id='word_1_109' title='bbox 361 1502 823 1553; x_wconf 89' lang='lat' dir='ltr'>consentaneum</span> <span class='ocrx_word' id='word_1_110' title='bbox 875 1501 1034 1565; x_wconf 87' lang='lat' dir='ltr'>erat,</span> <span class='ocrx_word' id='word_1_111' title='bbox 1089 1501 1148 1552; x_wconf 93' lang='lat' dir='ltr'>et</span> <span class='ocrx_word' id='word_1_112' title='bbox 1191 1489 1499 1552; x_wconf 80' lang='lat' dir='ltr'>sanctione</span> <span class='ocrx_word' id='word_1_113' title='bbox 1533 1514 1672 1567; x_wconf 90' lang='lat' dir='ltr'>sua,</span> <span class='ocrx_word' id='word_1_114' title='bbox 1722 1503 1781 1553; x_wconf 92' lang='lat' dir='ltr'>et</span> <span class='ocrx_word' id='word_1_115' title='bbox 1820 1514 1988 1577; x_wconf 88' lang='lat' dir='ltr'>prae-</span> 
     </span>
     <span class='ocr_line' id='line_1_17' title="bbox 76 1574 1988 1663; baseline 0 -26"><span class='ocrx_word' id='word_1_116' title='bbox 76 1575 263 1663; x_wconf 85' lang='lat' dir='ltr'>ceptis</span> <span class='ocrx_word' id='word_1_117' title='bbox 309 1574 633 1638; x_wconf 87' lang='lat' dir='ltr'>moralibus</span> <span class='ocrx_word' id='word_1_118' title='bbox 677 1575 1071 1652; x_wconf 88' lang='lat' dir='ltr'>confirmavit,</span> <span class='ocrx_word' id='word_1_119' title='bbox 1117 1574 1418 1661; x_wconf 87' lang='lat' dir='ltr'>persimile</span> <span class='ocrx_word' id='word_1_120' title='bbox 1453 1575 1562 1640; x_wconf 85' lang='lat' dir='ltr'>fuit</span> <span class='ocrx_word' id='word_1_121' title='bbox 1596 1575 1988 1639; x_wconf 87' lang='lat' dir='ltr'>concedentis.</span> 
     </span>
    </p>
   </div>
   <div class='ocr_carea' id='block_1_4' title="bbox 207 1819 1065 1887">
    <p class='ocr_par' dir='ltr' id='par_1_4' title="bbox 207 1819 1065 1887">
     <span class='ocr_line' id='line_1_18' title="bbox 207 1819 1065 1887; baseline 0 -17"><span class='ocrx_word' id='word_1_122' title='bbox 207 1822 255 1880; x_wconf 76' lang='lat'>4)</span> <span class='ocrx_word' id='word_1_123' title='bbox 303 1820 451 1887; x_wconf 68' lang='lat' dir='ltr'>Oper,</span> <span class='ocrx_word' id='word_1_124' title='bbox 484 1819 598 1887; x_wconf 86' lang='lat' dir='ltr'>trip.</span> <span class='ocrx_word' id='word_1_125' title='bbox 632 1821 772 1871; x_wconf 85' lang='lat' dir='ltr'>Verb.</span> <span class='ocrx_word' id='word_1_126' title='bbox 813 1820 864 1871; x_wconf 89' lang='lat'>1.</span> <span class='ocrx_word' id='word_1_127' title='bbox 900 1823 973 1872; x_wconf 86' lang='lat' dir='ltr'>tit.</span> <span class='ocrx_word' id='word_1_128' title='bbox 1010 1820 1065 1870; x_wconf 87' lang='grc'>9.</span> 
     </span>
    </p>
   </div>
   <div class='ocr_carea' id='block_1_5' title="bbox 882 2062 1179 2288">
    <p class='ocr_par' dir='ltr' id='par_1_5' title="bbox 882 2062 1179 2288">
     <span class='ocr_line' id='line_1_19' title="bbox 940 2062 1124 2136; baseline -0.016 -16"><span class='ocrx_word' id='word_1_129' title='bbox 940 2062 982 2136; x_wconf 78' lang='lat'><em>§</em></span> <span class='ocrx_word' id='word_1_130' title='bbox 1026 2064 1124 2120; x_wconf 81' lang='lat'>95.</span> 
     </span>
     <span class='ocr_line' id='line_1_20' title="bbox 882 2229 1179 2288; baseline 0 -11"><span class='ocrx_word' id='word_1_131' title='bbox 882 2229 1179 2288; x_wconf 44' lang='lat' dir='ltr'>asseria</span> 
     </span>
    </p>
   </div>
   <div class='ocr_carea' id='block_1_6' title="bbox 12 2376 1988 3400">
    <p class='ocr_par' dir='ltr' id='par_1_6' title="bbox 12 2376 1988 3149">
     <span class='ocr_line' id='line_1_21' title="bbox 245 2376 1988 2464; baseline -0.002 -21"><span class='ocrx_word' id='word_1_132' title='bbox 245 2383 407 2443; x_wconf 85' lang='lat' dir='ltr'>Sana</span> <span class='ocrx_word' id='word_1_133' title='bbox 425 2383 855 2464; x_wconf 66' lang='lat' dir='ltr'>&#39;Hungarorum</span> <span class='ocrx_word' id='word_1_134' title='bbox 879 2389 1094 2453; x_wconf 88' lang='lat' dir='ltr'>mente,</span> <span class='ocrx_word' id='word_1_135' title='bbox 1128 2398 1428 2461; x_wconf 88' lang='lat' dir='ltr'>nunquam</span> <span class='ocrx_word' id='word_1_136' title='bbox 1447 2399 1566 2438; x_wconf 91' lang='lat' dir='ltr'>non</span> <span class='ocrx_word' id='word_1_137' title='bbox 1585 2376 1899 2462; x_wconf 88' lang='lat' dir='ltr'>plurimum</span> <span class='ocrx_word' id='word_1_138' title='bbox 1915 2376 1988 2439; x_wconf 91' lang='lat' dir='ltr'>ad</span> 
     </span>
     <span class='ocr_line' id='line_1_22' title="bbox 75 2460 1985 2548; baseline -0.003 -19"><span class='ocrx_word' id='word_1_139' title='bbox 75 2465 497 2545; x_wconf 36' lang='lat' dir='ltr'>libertatem‘in</span> <span class='ocrx_word' id='word_1_140' title='bbox 539 2488 607 2527; x_wconf 91' lang='lat' dir='ltr'>eo</span> <span class='ocrx_word' id='word_1_141' title='bbox 644 2463 823 2526; x_wconf 86' lang='lat' dir='ltr'>situm</span> <span class='ocrx_word' id='word_1_142' title='bbox 857 2475 1015 2539; x_wconf 84' lang='lat' dir='ltr'>erat,</span> <span class='ocrx_word' id='word_1_143' title='bbox 1062 2485 1136 2524; x_wconf 92' lang='lat' dir='ltr'>ne</span> <span class='ocrx_word' id='word_1_144' title='bbox 1168 2461 1299 2546; x_wconf 92' lang='lat' dir='ltr'>quis</span> <span class='ocrx_word' id='word_1_145' title='bbox 1331 2460 1550 2524; x_wconf 89' lang='lat' dir='ltr'>indicta</span> <span class='ocrx_word' id='word_1_146' title='bbox 1579 2485 1759 2524; x_wconf 91' lang='lat' dir='ltr'>causa</span> <span class='ocrx_word' id='word_1_147' title='bbox 1793 2462 1985 2548; x_wconf 90' lang='lat' dir='ltr'>oppri-</span> 
     </span>
     <span class='ocr_line' id='line_1_23' title="bbox 12 2546 1984 2637; baseline -0.001 -27"><span class='ocrx_word' id='word_1_148' title='bbox 12 2576 16 2610; x_wconf 44' lang='grc' dir='ltr'><strong>ξ</strong></span> <span class='ocrx_word' id='word_1_149' title='bbox 74 2564 268 2614; x_wconf 89' lang='lat' dir='ltr'>matur</span> <span class='ocrx_word' id='word_1_150' title='bbox 280 2551 518 2637; x_wconf 81' lang='lat' dir='ltr'>judicio,</span> <span class='ocrx_word' id='word_1_151' title='bbox 564 2554 643 2613; x_wconf 86' lang='lat' dir='ltr'>Et</span> <span class='ocrx_word' id='word_1_152' title='bbox 666 2548 1009 2636; x_wconf 89' lang='lat' dir='ltr'>Stephanus</span> <span class='ocrx_word' id='word_1_153' title='bbox 1033 2546 1265 2633; x_wconf 90' lang='lat' dir='ltr'>quidem</span> <span class='ocrx_word' id='word_1_154' title='bbox 1296 2547 1518 2633; x_wconf 90' lang='lat' dir='ltr'>scripta</span> <span class='ocrx_word' id='word_1_155' title='bbox 1544 2548 1718 2610; x_wconf 90' lang='lat' dir='ltr'>etiam</span> <span class='ocrx_word' id='word_1_156' title='bbox 1741 2547 1893 2609; x_wconf 88' lang='lat' dir='ltr'>hanc</span> <span class='ocrx_word' id='word_1_157' title='bbox 1925 2547 1984 2608; x_wconf 89' lang='lat' dir='ltr'>in</span> 
     </span>
     <span class='ocr_line' id='line_1_24' title="bbox 73 2630 1986 2723; baseline -0.003 -24"><span class='ocrx_word' id='word_1_158' title='bbox 73 2660 199 2701; x_wconf 89' lang='lat' dir='ltr'>rem</span> <span class='ocrx_word' id='word_1_159' title='bbox 241 2638 377 2723; x_wconf 80' lang='lat' dir='ltr'>lege</span> <span class='ocrx_word' id='word_1_160' title='bbox 418 2635 602 2709; x_wconf 84' lang='lat' dir='ltr'>cavit3</span> <span class='ocrx_word' id='word_1_161' title='bbox 651 2635 723 2698; x_wconf 94' lang='lat' dir='ltr'>de</span> <span class='ocrx_word' id='word_1_162' title='bbox 770 2657 885 2720; x_wconf 90' lang='lat' dir='ltr'>qua</span> <span class='ocrx_word' id='word_1_163' title='bbox 926 2632 1040 2696; x_wconf 90' lang='lat' dir='ltr'>etsi</span> <span class='ocrx_word' id='word_1_164' title='bbox 1070 2633 1183 2695; x_wconf 90' lang='lat' dir='ltr'>alio</span> <span class='ocrx_word' id='word_1_165' title='bbox 1214 2630 1518 2694; x_wconf 90' lang='lat' dir='ltr'>dicendum</span> <span class='ocrx_word' id='word_1_166' title='bbox 1555 2633 1683 2695; x_wconf 89' lang='lat' dir='ltr'>loco</span> <span class='ocrx_word' id='word_1_167' title='bbox 1714 2632 1823 2710; x_wconf 91' lang='lat' dir='ltr'>sit,</span> <span class='ocrx_word' id='word_1_168' title='bbox 1870 2656 1986 2696; x_wconf 91' lang='lat' dir='ltr'>non</span> 
     </span>
     <span class='ocr_line' id='line_1_25' title="bbox 16 2716 1985 2803; baseline -0.003 -18"><span class='ocrx_word' id='word_1_169' title='bbox 16 2773 21 2776; x_wconf 85' lang='lat'>.</span> <span class='ocrx_word' id='word_1_170' title='bbox 73 2735 269 2785; x_wconf 89' lang='lat' dir='ltr'>tamen</span> <span class='ocrx_word' id='word_1_171' title='bbox 298 2722 673 2797; x_wconf 88' lang='lat' dir='ltr'>committam,</span> <span class='ocrx_word' id='word_1_172' title='bbox 700 2733 766 2782; x_wconf 93' lang='lat' dir='ltr'>ut</span> <span class='ocrx_word' id='word_1_173' title='bbox 789 2718 917 2782; x_wconf 92' lang='lat' dir='ltr'>sine</span> <span class='ocrx_word' id='word_1_174' title='bbox 947 2718 1144 2803; x_wconf 88' lang='lat' dir='ltr'>aliquo</span> <span class='ocrx_word' id='word_1_175' title='bbox 1171 2716 1305 2778; x_wconf 90' lang='lat' dir='ltr'>hinc</span> <span class='ocrx_word' id='word_1_176' title='bbox 1323 2718 1671 2780; x_wconf 90' lang='lat' dir='ltr'>munusculo</span> <span class='ocrx_word' id='word_1_177' title='bbox 1697 2717 1985 2782; x_wconf 81' lang='lat' dir='ltr'>discedas,</span> 
     </span>
     <span class='ocr_line' id='line_1_26' title="bbox 17 2802 1986 2894; baseline -0.002 -23"><span class='ocrx_word' id='word_1_178' title='bbox 17 2808 19 2813; x_wconf 69' lang='grc'>’</span> <span class='ocrx_word' id='word_1_179' title='bbox 74 2809 283 2872; x_wconf 92' lang='lat' dir='ltr'>Verba</span> <span class='ocrx_word' id='word_1_180' title='bbox 318 2807 515 2894; x_wconf 89' lang='lat' dir='ltr'>accipe</span> <span class='ocrx_word' id='word_1_181' title='bbox 551 2804 846 2882; x_wconf 84' lang='lat' dir='ltr'>Hartvici,</span> <span class='ocrx_word' id='word_1_182' title='bbox 905 2803 1003 2890; x_wconf 91' lang='lat' dir='ltr'>qui</span> <span class='ocrx_word' id='word_1_183' title='bbox 1045 2802 1338 2866; x_wconf 89' lang='lat' dir='ltr'>Bissenos</span> <span class='ocrx_word' id='word_1_184' title='bbox 1372 2803 1657 2889; x_wconf 89' lang='lat' dir='ltr'>quosdam</span> <span class='ocrx_word' id='word_1_185' title='bbox 1700 2817 1986 2867; x_wconf 89' lang='lat' dir='ltr'>mercato-</span> 
     </span>
     <span class='ocr_line' id='line_1_27' title="bbox 20 2887 1985 2979; baseline -0.002 -24"><span class='ocrx_word' id='word_1_186' title='bbox 20 2925 22 2948; x_wconf 69' lang='lat'>2</span> <span class='ocrx_word' id='word_1_187' title='bbox 75 2917 174 2957; x_wconf 89' lang='lat' dir='ltr'>res</span> <span class='ocrx_word' id='word_1_188' title='bbox 211 2918 246 2956; x_wconf 94' lang='lat' dir='ltr'>a</span> <span class='ocrx_word' id='word_1_189' title='bbox 279 2893 338 2955; x_wconf 86' lang='lat' dir='ltr'>vi</span> <span class='ocrx_word' id='word_1_190' title='bbox 372 2891 734 2979; x_wconf 89' lang='lat' dir='ltr'>quorundam</span> <span class='ocrx_word' id='word_1_191' title='bbox 778 2889 1068 2953; x_wconf 87' lang='lat' dir='ltr'>militum</span> <span class='ocrx_word' id='word_1_192' title='bbox 1115 2887 1426 2974; x_wconf 85' lang='lat' dir='ltr'>pervenire</span> <span class='ocrx_word' id='word_1_193' title='bbox 1480 2887 1554 2952; x_wconf 89' lang='lat' dir='ltr'>ad</span> <span class='ocrx_word' id='word_1_194' title='bbox 1597 2888 1985 2976; x_wconf 84' lang='lat' dir='ltr'>Stephanum,</span> 
     </span>
     <span class='ocr_line' id='line_1_28' title="bbox 19 2973 1983 3063; baseline -0.003 -22"><span class='ocrx_word' id='word_1_195' title='bbox 19 2976 24 2995; x_wconf 66' lang='lat'><em>²</em></span> <span class='ocrx_word' id='word_1_196' title='bbox 74 2978 455 3042; x_wconf 84' lang='lat' dir='ltr'>facultatibus</span> <span class='ocrx_word' id='word_1_197' title='bbox 494 2977 779 3063; x_wconf 78' lang='lat' dir='ltr'>integriS,</span> <span class='ocrx_word' id='word_1_198' title='bbox 843 2999 959 3038; x_wconf 92' lang='lat' dir='ltr'>non</span> <span class='ocrx_word' id='word_1_199' title='bbox 1006 2973 1274 3061; x_wconf 86' lang='lat' dir='ltr'>potuisse</span> <span class='ocrx_word' id='word_1_200' title='bbox 1316 2975 1651 3061; x_wconf 87' lang='lat' dir='ltr'>praefatus,</span> <span class='ocrx_word' id='word_1_201' title='bbox 1722 2975 1983 3060; x_wconf 89' lang='lat' dir='ltr'>subjicit:</span> 
     </span>
     <span class='ocr_line' id='line_1_29' title="bbox 25 3059 1985 3149; baseline -0.003 -23"><span class='ocrx_word' id='word_1_202' title='bbox 25 3135 27 3137; x_wconf 75' lang='lat'>.</span> <span class='ocrx_word' id='word_1_203' title='bbox 77 3065 240 3126; x_wconf 90' lang='lat' dir='ltr'>misit</span> <span class='ocrx_word' id='word_1_204' title='bbox 269 3063 467 3149; x_wconf 90' lang='lat' dir='ltr'>itaque</span> <span class='ocrx_word' id='word_1_205' title='bbox 500 3066 630 3126; x_wconf 87' lang='lat' dir='ltr'>Rex</span> <span class='ocrx_word' id='word_1_206' title='bbox 657 3062 730 3125; x_wconf 92' lang='lat' dir='ltr'>ad</span> <span class='ocrx_word' id='word_1_207' title='bbox 763 3061 949 3138; x_wconf 88' lang='lat' dir='ltr'>illum,</span> <span class='ocrx_word' id='word_1_208' title='bbox 997 3059 1108 3122; x_wconf 90' lang='lat' dir='ltr'>sub</span> <span class='ocrx_word' id='word_1_209' title='bbox 1140 3083 1254 3146; x_wconf 90' lang='lat' dir='ltr'>quo</span> <span class='ocrx_word' id='word_1_210' title='bbox 1281 3059 1638 3137; x_wconf 87' lang='lat' dir='ltr'>militabant,</span> <span class='ocrx_word' id='word_1_211' title='bbox 1683 3060 1985 3123; x_wconf 91' lang='lat' dir='ltr'>tribunum</span> 
     </span>
    </p>

    <p class='ocr_par' dir='ltr' id='par_1_7' title="bbox 28 3144 1983 3400">
     <span class='ocr_line' id='line_1_30' title="bbox 79 3144 1983 3232; baseline -0.003 -19"><span class='ocrx_word' id='word_1_212' title='bbox 79 3162 171 3226; x_wconf 85' lang='lat' dir='ltr'>et,</span> <span class='ocrx_word' id='word_1_213' title='bbox 218 3148 326 3212; x_wconf 89' lang='lat' dir='ltr'>die</span> <span class='ocrx_word' id='word_1_214' title='bbox 372 3148 788 3224; x_wconf 81' lang='lat' dir='ltr'>constituto,</span> <span class='ocrx_word' id='word_1_215' title='bbox 848 3168 1051 3209; x_wconf 89' lang='lat' dir='ltr'>omnes</span> <span class='ocrx_word' id='word_1_216' title='bbox 1078 3144 1266 3231; x_wconf 88' lang='lat' dir='ltr'>jussit</span> <span class='ocrx_word' id='word_1_217' title='bbox 1300 3145 1360 3207; x_wconf 90' lang='lat' dir='ltr'>in</span> <span class='ocrx_word' id='word_1_218' title='bbox 1398 3145 1811 3232; x_wconf 90' lang='lat' dir='ltr'>conspectibus</span> <span class='ocrx_word' id='word_1_219' title='bbox 1856 3146 1983 3207; x_wconf 92' lang='lat' dir='ltr'>suis</span> 
     </span>
     <span class='ocr_line' id='line_1_31' title="bbox 28 3229 1982 3322; baseline -0.003 -25"><span class='ocrx_word' id='word_1_220' title='bbox 28 3230 29 3233; x_wconf 28' lang='lat'>¹</span> <span class='ocrx_word' id='word_1_221' title='bbox 77 3234 474 3322; x_wconf 85' lang='lat' dir='ltr'>praesentari,</span> <span class='ocrx_word' id='word_1_222' title='bbox 540 3246 599 3296; x_wconf 91' lang='lat' dir='ltr'>et</span> <span class='ocrx_word' id='word_1_223' title='bbox 648 3232 728 3295; x_wconf 91' lang='lat' dir='ltr'>ad</span> <span class='ocrx_word' id='word_1_224' title='bbox 785 3229 1298 3295; x_wconf 86' lang='lat' dir='ltr'>discutiendum</span> <span class='ocrx_word' id='word_1_225' title='bbox 1345 3231 1408 3293; x_wconf 75' lang='lat' dir='ltr'>in&#39;</span> <span class='ocrx_word' id='word_1_226' title='bbox 1452 3230 1849 3318; x_wconf 88' lang='lat' dir='ltr'>praesentiam</span> <span class='ocrx_word' id='word_1_227' title='bbox 1889 3230 1982 3294; x_wconf 89' lang='lat' dir='ltr'>sui</span> 
     </span>
     <span class='ocr_line' id='line_1_32' title="bbox 31 3320 368 3400; baseline 0 -18"><span class='ocrx_word' id='word_1_228' title='bbox 31 3372 34 3375; x_wconf 13' lang='grc' dir='ltr'><strong>Α</strong></span> <span class='ocrx_word' id='word_1_229' title='bbox 81 3320 278 3384; x_wconf 85' lang='lat' dir='ltr'>statui.</span> <span class='ocrx_word' id='word_1_230' title='bbox 312 3327 368 3400; x_wconf 47' lang='lat'>1),</span> 
     </span>
    </p>
   </div>
   <div class='ocr_carea' id='block_1_7' title="bbox 216 3560 1215 3630">
    <p class='ocr_par' dir='ltr' id='par_1_8' title="bbox 216 3560 1215 3630">
     <span class='ocr_line' id='line_1_33' title="bbox 216 3560 1215 3630; baseline -0.002 -15"><span class='ocrx_word' id='word_1_231' title='bbox 216 3569 258 3627; x_wconf 88' lang='lat'>¹)</span> <span class='ocrx_word' id='word_1_232' title='bbox 304 3566 467 3617; x_wconf 82' lang='lat' dir='ltr'>Hartv.</span> <span class='ocrx_word' id='word_1_233' title='bbox 502 3565 616 3616; x_wconf 88' lang='lat' dir='ltr'>edit.</span> <span class='ocrx_word' id='word_1_234' title='bbox 650 3564 828 3615; x_wconf 89' lang='lat' dir='ltr'>Podhr.</span> <span class='ocrx_word' id='word_1_235' title='bbox 862 3563 1004 3614; x_wconf 87' lang='lat' dir='ltr'>verba</span> <span class='ocrx_word' id='word_1_236' title='bbox 1034 3579 1083 3630; x_wconf 91' lang='lat' dir='ltr'>p.</span> <span class='ocrx_word' id='word_1_237' title='bbox 1121 3560 1215 3614; x_wconf 86' lang='lat'>78.</span> 
     </span>
    </p>
   </div>
  </div>
 </body>
</html>
