2384 3886
1882 179 2006 238 255

7 310 9 314 ¹
87 326 241 387 latos
276 321 451 408 regni
487 319 667 407 hujus
698 319 797 397 „in
828 318 1010 380 rebus
1036 319 1447 404 spiritualibus
1471 321 1796 384 Praesides
1820 335 1879 385 et
1900 322 2005 384 Di-

83 421 350 472 rectores
378 406 721 491 religionis3
762 404 822 466 in
853 405 1279 488 temporalibus
1315 428 1457 468 vero
1511 406 1824 479 maximam
1869 431 2008 471 esse

0 515 37 582 25
81 505 310 581 partem
325 493 559 555 roboris
585 504 644 554 et
666 488 1016 552 firmamenti
1041 489 1299 574 publici“
1327 491 1632 554 scriberet.
1666 496 1871 578 Atque
1894 492 2008 556 hoc

0 575 31 687 5
82 592 311 643 tantum
347 591 406 641 et
436 591 556 640 tam
597 575 966 663 praeclarum
997 573 1069 636 de
1102 575 1496 637 Praesulibus
1540 577 1814 641 Eclesiae
1859 577 2007 642 hun-

0 662 54 744 =J
83 665 324 752 garicae
338 662 623 749 judicium
643 660 783 723 fecit
803 661 903 722 ille
926 683 1044 722 non
1065 661 1274 735 semel,
1311 661 1419 722 sed
1444 662 1598 746 quod
1623 664 1845 727 alterae
1865 687 2007 750 quo-

84 775 197 837 que
223 749 297 812 ad
319 747 676 811 *Pontificem
699 745 861 808 illum
885 744 1095 808 literae
1124 743 1386 831 ejusdem
1410 758 1728 826 testantur,
1764 751 2008 814 totidem

5 840 32 915 ς’
82 833 418 921 magnificis
449 831 649 895 verbis
679 831 981 911 iterum32)
1029 854 1145 893 non
1170 830 1381 893 minori
1405 831 1748 894 meritorum
1780 834 2006 899 hierar-

85 920 250 982 chiae
267 918 651 1004 hungaricae,
679 940 853 1003 quam
874 940 1020 979 suae
1045 916 1232 1003 ipsius
1250 916 1568 1003 aequitatis
1584 918 1772 981 laude.
1807 924 2005 985 Nemo

8 999 10 1001 μ
83 1006 235 1070 enim
269 1028 424 1066 unus
460 1002 655 1088 magis
692 1002 999 1089 cognitum
1029 1002 1313 1066 habebat:
1373 1026 1491 1066 non
1530 1027 1710 1066 unum
1754 1010 2004 1092 Hunga-

12 1165 15 1167 p
80 1092 205 1154 riae
230 1094 525 1154 Joannem
556 1089 910 1151 Alemanum
940 1089 1324 1175 Episcopum,
1354 1087 2008 1178 Archiepiscopumque

86 1177 361 1255 suisse‚?³)
416 1176 618 1260 itaque
637 1177 814 1260 juxta
845 1198 1096 1260 magnas
1126 1175 1444 1237 multorum
1484 1174 1756 1254 virtuteS‚
1787 1200 2008 1263 magna

21 1338 24 1339 7
82 1262 142 1326 in
173 1261 468 1348 aliquibus
500 1260 642 1323 vitia
670 1259 1006 1334 exstitisse3
1052 1258 1200 1322 haec
1222 1273 1419 1323 tamen
1455 1261 1854 1348 amplissimae
1878 1264 2007 1326 illa—

84 1371 215 1411 rum
238 1345 480 1410 utilitati
503 1345 907 1422 condonanda,
931 1358 992 1409 et
1017 1343 1276 1408 humana
1294 1344 1676 1428 hominum,4)
1707 1372 1825 1412 non
1848 1352 2007 1413 Deo-

34 1447 36 1450 ’
83 1456 214 1498 rum
237 1431 605 1507 aestimanda
632 1455 771 1495 esse
803 1443 1019 1495 natura
1054 1430 1357 1518 sapienter
1384 1431 1635 1495 censuit.

217 1622 264 1682 2)
309 1619 495 1669 Ibidem
537 1635 648 1684 pag.
686 1616 784 1669 81.
828 1619 964 1681 „hoc
1005 1634 1161 1670 unum
1191 1625 1355 1669 tamen
1386 1626 1608 1684 repetere
1640 1620 1842 1685 dignum
1873 1622 2003 1684 duxi,

30 1722 40 1734 ’
85 1721 233 1771 quum
265 1705 470 1754 Praelati
501 1705 640 1769 regni
671 1705 830 1754 nostri
859 1703 910 1754 in
942 1704 1274 1769 spiritualibus
1305 1704 1514 1770 negotiis
1532 1705 1726 1770 judices
1746 1713 1795 1756 et
1811 1709 2007 1772 patroni

23 1789 30 1824 ἵ
85 1791 207 1852 sint,
249 1791 299 1840 in
329 1789 681 1855 temporalibus
711 1783 824 1839 ¹vero
857 1806 915 1838 ex
945 1805 1120 1854 magna
1156 1796 1294 1855 parte
1335 1790 1603 1840 directores
1643 1800 1692 1841 et
1730 1792 2005 1855 columnae,

83 1884 184 1926 tum
236 1876 441 1924 maxime
494 1883 674 1925 statum
711 1882 936 1924 nostrum
984 1882 1033 1926 et
1069 1878 1347 1925 communis
1387 1876 1685 1926 defensionis
1734 1879 2009 1945 expeditio—

0 1962 9 2027 ,ξ
83 1977 196 2011 nem
238 1968 372 2010 recte
411 1962 679 2025 procedere
721 1961 986 2021 sentimUS‚
1030 1976 1180 2025 quum
1218 1961 1422 2011 Praelati
1458 1961 1552 2026 ipsi
1584 1963 1792 2027 plurima
1823 1964 2010 2028 pollent

0 2029 3 2090 l
89 2046 435 2113 auctoritate.“

216 2132 263 2194 3)
308 2132 451 2181 Hunc
497 2131 673 2196 Magno
730 2131 1071 2181 Varadiensem
1122 2127 1370 2197 primum,
1432 2132 1542 2181 dein
1597 2132 2003 2198 strigoniensem,

6 2202 28 2260 ¹s
87 2216 366 2267 Praesulem
415 2217 607 2267 avaritia
639 2224 703 2279 et,
759 2217 938 2283 quibus
984 2218 1033 2267 in
1080 2217 1325 2282 Hungaria
1372 2218 1557 2282 potitus
1596 2224 1694 2279 est,
1742 2219 2008 2284 grandibus

8 2287 11 2311 ³
83 2303 328 2352 enimvero
370 2318 461 2367 pro
491 2310 771 2368 temporum
802 2303 996 2352 illorum
1027 2304 1216 2352 ratione
1249 2303 1442 2368 opibus,
1484 2303 1534 2351 in
1567 2303 1869 2355 Fridericum
1902 2305 2007 2354 Im—

11 2393 14 2396 ’
84 2395 361 2453 peratorem
381 2388 588 2437 Mathiae
607 2388 871 2450 aemulum,
908 2388 1094 2438 collatis
1125 2388 1401 2438 infamem
1433 2389 1554 2453 Pray
1584 2389 1760 2454 apellat
1782 2390 1832 2439 in
1858 2390 2004 2455 Spec.

85 2474 230 2539 Hyer.
263 2473 426 2538 Hung.
460 2473 530 2522 De
562 2474 737 2523 eodem
766 2474 872 2523 vide
904 2474 1042 2539 plura
1075 2474 1204 2538 apud
1236 2474 1524 2538 Keresztury
1554 2474 1604 2523 in
1635 2474 1875 2540 Compen.
1907 2476 2009 2525 De-

16 2585 19 2606 ;
87 2559 255 2624 script.
290 2559 458 2624 Episc.
492 2558 872 2624 Magno-Varad.
906 2576 955 2624 p.
993 2557 1132 2609 290.
1638 2610 1640 2613 .

87 2691 89 2693 ,
217 2646 266 2707 4)
315 2644 448 2702 Quae
492 2645 551 2693 de
590 2644 811 2695 moribus
853 2644 980 2694 Cleri
1020 2645 1094 2694 sui
1136 2644 1373 2709 temporis
1424 2644 1631 2694 Mathiac
1680 2645 1844 2710 opinio
1898 2647 2009 2696 sue-

22 2784 25 2787 ,
60 2730 173 2790 rit,
223 2736 432 2779 testatur
473 2729 679 2781 Galeott.
721 2730 861 2780 Mart.
904 2746 1011 2795 cap.
1052 2728 1119 2778 11
1168 2730 1226 2779 de
1266 2730 1407 2780 dictis
1448 2737 1496 2779 et
1526 2731 1664 2780 sactis
1697 2731 1845 2782 Math.
1880 2734 2010 2797 apud

22 2799 56 2875 {s
91 2814 458 2866 Schwandtner.

955 2997 997 3073 g
1040 2999 1138 3055 es.

91 3162 505 3213 solidissimae
552 3161 601 3211 d.
650 3162 942 3228 Stephani
982 3164 1040 3213 in
1082 3164 1366 3214 Ordinem
1414 3165 1568 3214 hunc
1613 3162 2011 3214 liberalitatis

846 3248 1052 3298 laudes
1099 3255 1263 3311 sunt3

262 3408 472 3473 Verba
517 3407 768 3472 excitavi
812 3408 1105 3488 Mathiae‚
1153 3433 1267 3497 quo
1305 3434 1421 3475 non
1456 3411 1607 3474 alter
1640 3412 1875 3496 Regum
1911 3435 2014 3476 no-

84 3504 351 3573 strorum
376 3493 686 3580 dignitatis
711 3504 864 3558 suae
882 3494 1207 3559 studiosior
1230 3496 1356 3561 fuit.
1399 3496 1613 3560 Omnia
1637 3494 1800 3560 illum
1823 3521 2016 3586 usque
