2384 3886
401 199 526 257 200

402 359 582 398 causa
621 359 876 422 peregre
910 337 1427 424 proficiscentibus
1466 340 1793 427 hungaris,
1843 342 1988 407 nihil
2027 345 2102 410 ad
2135 348 2313 413 linem

399 419 555 482 hunc
590 421 761 483 facile
795 422 1271 509 consequendum
1300 425 1755 491 desideraretur.

399 683 469 756 3)
531 676 833 756 Imitari,
905 680 1080 765 quod
1151 683 1328 768 apud
1391 696 1676 748 exteros
1732 686 2047 771 legibuS,
2112 688 2315 751 mori—

534 777 803 864 busque
864 782 1363 867 Hungarorum
1426 785 1836 848 excolendis
1898 786 2190 852 maxime

1067 882 1379 948 idoneum
1438 898 1647 949 esset.

1090 1092 1111 1117 .
1264 1059 1306 1134 §
1352 1062 1447 1118 17.

1108 1225 1286 1282 Quem
1332 1226 1389 1275 in
1432 1227 1612 1277 finem

570 1373 775 1434 Locus
810 1372 965 1459 apud
995 1372 1326 1437 Salustium
1376 1378 1680 1462 „Majores
1718 1377 1910 1440 nostri
1949 1401 2142 1464 neque
2177 1401 2319 1442 con-

399 1456 515 1520 silii
576 1473 795 1543 neque*
834 1458 1075 1521 audacia
1134 1482 1390 1545 eguere,
1448 1484 1639 1548 neque
1693 1461 1974 1550 superbia
2019 1463 2318 1542 obstabat,

399 1543 715 1630 quominus
761 1543 1301 1622 alienainstituta,
1364 1546 1415 1608 si
1458 1546 1628 1611 modo
1685 1547 1872 1634 proba
1930 1561 2130 1627 erant,
2191 1548 2318 1612 imi-

395 1641 699 1702 tarentur3
757 1631 950 1692 Arma
990 1642 1168 1717 atque
1207 1632 1326 1697 tela
1362 1631 1638 1697 militaria
1677 1633 1750 1695 ab
1790 1634 2190 1712 SamnitibuS,
2231 1634 2320 1698 in-

399 1714 598 1802 signia
657 1715 1128 1802 Magistratuum
1194 1716 1267 1779 ab
1339 1717 1564 1780 Tuscis
1644 1718 1925 1808 pleraque
1956 1732 2318 1798 sumserunt,

395 1813 698 1889 postremo
748 1800 904 1888 quod
930 1801 1166 1888 >‘ubique
1215 1801 1368 1889 apud
1417 1803 1613 1866 socios
1653 1816 1758 1867 aut
1790 1803 1997 1868 hostes
2047 1804 2320 1870 idoneum

397 1885 741 1964 videbatur,
789 1911 920 1950 cum
963 1910 1191 1950 summo
1229 1887 1427 1952 studio
1472 1887 1626 1952 domi
1671 1890 2148 1976 exequebantur,
2192 1891 2319 1954 imi-

399 1973 550 2048 tari,
612 1996 785 2058 quam
832 1972 1097 2036 invidere
1132 1973 1306 2037 bonis
1349 1974 1691 2038 malebant“
1716 1982 1763 2057 1)
1812 1988 2039 2040 mutato
2081 1976 2319 2040 nomine

399 2057 763 2142 Protoregis
800 2060 1358 2145 Antenatorumque
1388 2072 1729 2124 nostrorum
1761 2061 1967 2126 laudes
2001 2062 2317 2127 continent.

399 2146 558 2207 Sunt
590 2167 735 2206 sane
774 2168 869 2222 ea,
917 2167 1067 2230 quae
1097 2146 1229 2208 Rex
1250 2144 1403 2209 idem
1431 2145 1503 2209 de
1528 2146 1700 2210 modo
1731 2146 1793 2211 in
1822 2147 2122 2212 imitandis
2157 2161 2319 2213 exte-

398 2253 601 2292 rorum
624 2229 890 2292 moribus
910 2229 1186 2308 tenendo,
1212 2231 1273 2293 in
1299 2231 1426 2294 suis
1449 2230 1523 2295 ad
1543 2231 1727 2294 filium
1751 2233 1989 2297 monitis
2011 2233 2319 2322 praecipit,

396 2314 482 2378 ita
525 2315 919 2401 permeditata
960 2315 1388 2403 evigilataque,
1449 2329 1517 2381 ut
1554 2341 1664 2381 nec
1711 2318 1779 2380 in¹
1813 2319 2153 2417 praesentia
2182 2343 2319 2384 con-

398 2401 512 2463 suli
536 2400 748 2464 camin
773 2424 900 2464 rem
921 2401 1239 2488 quidquam
1276 2403 1627 2490 oportunius
1667 2418 1891 2491 poss1t3
1945 2428 2081 2469 esse
2111 2429 2320 2493 nempe

396 2488 568 2572 leges
619 2499 994 2565 exterorum,
1052 2511 1169 2550 non
1224 2488 1298 2552 ad
1347 2488 1610 2568 literam,
1668 2488 1775 2554 sed
1809 2513 1918 2577 pro
1958 2490 2320 2578 ponderibus

397 2572 823 2659 quodammodo
850 2574 1253 2645 summendas‚
1297 2574 1511 2661 quibus
1540 2575 1770 2662 agitata
1794 2577 1885 2640 vis
1915 2577 2151 2643 interna
2183 2575 2319 2640 cha—

534 2761 582 2831 1)
627 2761 690 2811 Et
726 2762 856 2827 apud
895 2763 1048 2812 Tacit.
1090 2764 1214 2813 Ann.
1263 2764 1296 2813 l.
1333 2760 1387 2814 3.
1438 2781 1482 2814 c.
1521 2762 1574 2814 5.
1619 2764 1904 2829 „creatique
1935 2763 2220 2824 decemviri,
2271 2770 2319 2814 et

400 2848 593 2908 accitiS,
644 2862 767 2914 quae
805 2863 1013 2912 usquam
1055 2850 1271 2913 egregia,
1318 2850 1622 2915 compositae
1653 2849 1910 2901 duodecim
1944 2849 2160 2911 tabulae,
2207 2850 2319 2899 finis

399 2934 541 2999 aequi
577 2931 767 2998 juriS.“
822 2932 944 2982 Ibid.
986 2933 1018 2982 1.
1052 2934 1134 2982 XI.
1189 2949 1232 2983 c.
1270 2931 1323 2984 8.
1375 2935 1544 2986 Claud.
1601 2934 1848 3000 „Majores
1898 2935 1994 2984 mei
2039 2935 2315 2995 hortantur,

398 3025 453 3069 ut
489 3018 690 3084 paribus
730 3017 948 3067 consiliis
986 3033 1143 3083 remp.
1190 3034 1473 3084 capessam,
1525 3020 1863 3071 transferendo
1903 3020 2025 3083 huc,
2068 3021 2200 3086 quod
2229 3036 2324 3071 us-

399 3120 545 3170 quam
585 3102 835 3169 egregium
875 3103 1035 3153 fuerit.
1091 3104 1147 3153 In
1189 3105 1354 3154 multis
1394 3105 1523 3154 enim
1563 3106 1789 3171 gentibus
1831 3121 1940 3156 esse
1978 3106 2143 3168 video,
2195 3121 2318 3172 quae
2372 3127 2373 3130 ¹

399 3206 497 3240 non
531 3189 879 3244 erubescamus
909 3189 1103 3242 imitari.
1143 3189 1243 3239 Nec
1274 3190 1412 3243 aliter
1439 3197 1629 3241 tantum
1659 3192 1919 3257 imperium
1951 3198 2062 3257 apte
2091 3192 2194 3257 regi
2222 3208 2334 3257 po-2·

401 3284 519 3337 test,
572 3291 716 3341 quam
762 3280 817 3324 ut
865 3275 1100 3340 quaedam
1143 3282 1190 3324 et
1230 3276 1479 3326 tradamus
1517 3277 1611 3327 illis
1650 3284 1699 3327 et
1735 3278 1795 3327 ab
1835 3277 2008 3328 iisdem
2051 3277 2314 3327 discamus.

399 3362 529 3412 Alex.
563 3362 628 3411 M.
662 3360 793 3425 apud
825 3361 960 3410 Curt.
1003 3361 1059 3410 L.
1094 3361 1214 3410 VIII.
1267 3378 1310 3412 c.
1348 3359 1402 3412 8.
1453 3378 1504 3411 n.
1544 3359 1638 3414 13.
1690 3363 1863 3414 Strabo
1913 3363 1947 3413 l.
1980 3363 2038 3412 X.
2088 3378 2139 3427 p.
2176 3359 2314 3412 722.
2361 3378 2364 3383 ·

400 3447 722 3496 Athenienses
755 3447 1164 3511 quemadmodum
1192 3447 1308 3498 alias
1338 3463 1527 3498 morem
1549 3465 1690 3500 suum
1713 3449 1970 3516 peregrina
1991 3447 2318 3507 adsciscendi,

401 3531 464 3584 ita
497 3532 665 3591 ctiam,
709 3533 837 3599 quod
871 3534 930 3584 ad
962 3533 1065 3584 dies
1096 3532 1290 3594 attinet,
1336 3541 1613 3587 tenuerunt.
