2384 3886
389 271 513 328 322

393 410 506 484 sis,
529 414 576 487 1)
623 405 876 483 ambita,
922 408 1092 491 Rege
1128 417 1404 493 excepto,
1444 418 1740 469 monetam
1763 405 1858 468 vel
1890 405 2172 468 telonium
2207 405 2309 468 ha-

390 495 531 556 bere
567 491 803 554 audet.“
851 490 1023 568 Quod
1067 490 1573 577 quidemratione
1623 502 1896 554 monetae
1944 488 2016 554 de
2063 489 2311 578 privatis

390 601 596 641 verum
625 589 735 639 est.
780 579 1013 654 Duces,
1061 575 1276 663 quibus
1311 599 1451 664 pars
1491 576 1667 663 regni
1707 575 1886 640 tertia
1927 575 2191 652 obvenit,
2215 580 2310 662 ju-

390 663 476 727 ris
497 663 669 749 hujus
692 675 970 750 expertes
999 685 1119 725 non
1154 661 1340 726 fuisse
1373 661 1696 750 specimina
1724 673 2027 725 testantur
2048 683 2312 746 nummo-

391 772 549 826 rum,
591 748 689 835 qui
713 749 895 812 Belae
922 750 1286 835 Geyzaeque
1311 751 1546 811 Ducum
1567 749 1804 812 nomina
1824 748 2106 811 referunt.
2140 745 2312 824 Quod

393 836 465 899 de
495 833 782 898 fratribus
815 837 1049 920 Regum
1089 833 1272 897 statui
1313 857 1420 920 pro
1457 847 1640 911 certo,
1689 857 1807 897 non
1836 846 2034 897 tamen
2070 831 2142 896 de
2173 831 2312 895 filiis

392 921 567 984 etiam
590 924 824 1006 Regum
844 932 1063 1007 potest,
1090 920 1190 1006 qui
1217 919 1305 981 uti
1343 931 1574 1005 partem
1602 920 1818 1005 Regni,
1855 919 1939 982 ita
1948 923 2056 1006 jus
2081 939 2324 1006 quoque>

394 1006 697 1070 feriundae
719 1018 1020 1082 monetae,
1052 1003 1377 1090 superstite
1411 1008 1620 1081 Patre,
1655 1006 1783 1068 sola
1810 1006 2114 1068 voluntate
2133 1003 2312 1091 hujus

393 1105 683 1180 pactoque
728 1115 834 1178 per
883 1090 1035 1153 hanc
1088 1089 1402 1177 praefinito
1445 1089 1641 1178 adepti
1680 1101 1836 1153 sunt.
1901 1090 2084 1178 Apud
2123 1093 2312 1152 Fran-

394 1202 497 1242 cos
521 1179 657 1264 lege
693 1177 948 1249 Carolus
984 1176 1187 1238 calvus
1227 1176 1538 1240 constituit
1593 1188 1700 1254 „ut
1732 1177 1794 1238 in
1827 1174 2086 1240 denariis
2115 1197 2313 1239 mone-

391 1278 489 1327 tae
519 1286 666 1326 suae
696 1287 770 1326 ex
794 1285 913 1324 una
944 1274 1115 1350 parte
1150 1286 1363 1326 nomen
1411 1285 1583 1324 suum
1624 1261 1916 1326 habeatur
1956 1262 2015 1325 in
2065 1283 2312 1348 gyrum3

391 1374 466 1413 ex
497 1350 686 1412 altera
730 1370 944 1412 nomen
982 1347 1259 1412 Civitatis
1292 1361 1352 1412 et
1388 1347 1449 1410 in
1479 1347 1670 1412 medio
1698 1358 1902 1411 crux.“
1947 1352 2117 1412 Haec
2149 1368 2313 1410 num-

389 1459 617 1499 morum
641 1457 874 1521 quoque
906 1433 957 1497 d.
991 1432 1281 1522 Stephani
1304 1434 1514 1510 sacies3
1547 1458 1663 1498 non
1688 1433 1889 1522 itaque
1920 1433 2160 1498 dubium
2196 1445 2308 1509 est,

392 1521 547 1608 quod
563 1521 788 1608 pridem
807 1518 1059 1583 antehac
1082 1520 1503 1584 celeberrimus
1527 1518 1913 1584 Cornidesius
1933 1519 2206 1597 advertit,
2230 1519 2313 1582 le-

393 1631 530 1694 gem
560 1630 688 1670 eam
710 1610 1098 1682 Francorum,
1134 1609 1464 1693 Hungaros
1491 1628 1724 1692 quoque
1752 1606 2086 1693 adoptasse.
2106 1611 2157 1686 2)
2201 1607 2312 1668 Ce-

392 1707 523 1756 tera
557 1692 627 1755 de
665 1692 918 1755 nummis
956 1691 1007 1755 d.
1044 1691 1332 1780 Stephani
1361 1690 1908 1755 Luczenbacherus
1950 1704 2156 1755 noster
2194 1689 2313 1754 dis-

394 1779 580 1842 seruit
633 1777 1049 1842 eruditissime.
1081 1785 1132 1858 3)
1187 1781 1457 1855 Quocum
1496 1778 1670 1864 plane
1717 1791 1942 1841 certum
1983 1777 2175 1841 habeo
2212 1800 2314 1839 an-

391 1863 759 1951 tiquissimas
791 1864 996 1927 domos
1029 1863 1330 1928 cudendae
1368 1875 1641 1927 monetae
1683 1863 1977 1950 Strigonii
2014 1875 2073 1927 et
2108 1861 2315 1926 Budae

395 1951 732 2027 exstitisse,
781 1963 840 2013 et
875 1949 1200 2012 secundum
1234 1974 1329 2024 ea,
1378 1973 1528 2036 quae
1563 1949 1634 2012 de
1668 1948 1979 2035 Strigonio
2013 1948 2316 2037 primaeva

397 2035 749 2121 Hungariae
776 2035 1088 2119 metropoli
1125 2058 1234 2099 suo
1258 2034 1406 2098 doco
1435 2034 1574 2112 dixi,
1593 2041 1645 2115 4)
1688 2035 2003 2099 Civitatem
2027 2034 2314 2120 regalem,

394 2120 647 2184 nummis
691 2121 808 2182 illis
857 2119 1205 2206 inscriptam
1258 2119 1331 2183 ad
1378 2119 1532 2182 hanc
1579 2119 1880 2205 pertinere
1927 2119 2316 2206 metropolim.

392 2211 506 2270 Est
536 2219 848 2293 praeterea
879 2217 938 2267 et
976 2204 1091 2267 hoc
1131 2205 1489 2268 simillimum
1518 2206 1672 2282 veri,
1715 2209 1839 2292 jam
1867 2206 1918 2269 d.
1949 2204 2319 2293 Stephanum

392 2292 776 2356 constituisse
810 2304 916 2368 „ut
945 2291 1304 2354 ferramenta
1343 2291 1617 2353 cudentia
1649 2303 1707 2354 et
1747 2292 1979 2379 sculpta
2009 2315 2126 2355 non
2164 2289 2318 2353 alias

396 2378 625 2441 servari
652 2377 934 2455 debeant,
969 2395 1143 2463 quam
1172 2377 1284 2440 sub
1317 2376 1568 2440 hominis
1599 2376 1892 2455 custodia,
1927 2376 1999 2440 ad
2026 2374 2180 2439 hanc
2252 2399 2319 2439 er

392 2463 929 2552 Archiepiscopum
971 2463 1458 2549 Strigoniensem
1500 2462 1793 2550 deputati3
1840 2476 1901 2527 et
1935 2462 2007 2527 de
2054 2399 2318 2550 qualihet

396 2573 596 2613 marca
647 2549 708 2612 in
758 2552 1046 2626 Camera,
1111 2549 1210 2611 uhi
1267 2549 1491 2613 denarii
1550 2548 1879 2627 cuduntur,
1937 2572 2117 2612 unum
2175 2572 2317 2637 pon-

395 2637 505 2700 dus
536 2637 820 2723 (pisctum
857 2636 932 2698 ab
967 2632 1164 2700 italico
1201 2643 1375 2722 peso)
1434 2634 1670 2722 argenti
1719 2635 1822 2698 fini
1873 2633 2058 2699 eidem
2100 2633 2317 2697 Archi·
2371 2654 2373 2658 ’

397 2723 675 2820 episcopo
728 2723 1164 2810 persolvatur.“
1221 2722 1394 2784 Enim
1440 2746 1581 2786 vero
1631 2735 1691 2785 et
1728 2720 2019 2808 Stephani
2049 2721 2110 2783 in
2149 2721 2318 2784 Ecle-

403 2832 551 2870 slam
583 2808 735 2870 hanc
776 2807 1119 2871 liberalitati
1168 2807 1476 2894 congruit,
1536 2820 1595 2870 et
1627 2807 1831 2871 sensui
1871 2806 2149 2871 cohaeret
2188 2807 2318 2870 lite-

393 2918 613 2970 rarum,
670 2917 817 2979 quas
860 2896 1007 2958 Bela
1059 2897 1170 2956 IV.
1219 2893 1288 2956 de
1335 2893 1686 2956 instauratis
1723 2893 1997 2956 Eclesiae
2034 2893 2193 2956 illius
2221 2895 2316 2979 ju-

392 2980 559 3042 ribus
594 2979 787 3044 edidit.
810 2987 859 3059 5)
920 2979 1043 3043 Sed
1078 2978 1209 3056 hoc,
1250 2978 1482 3042 addicta
1517 2979 1658 3042 item
1693 2981 1745 3042 ei
1770 3003 1877 3066 per
1899 2978 2205 3043 Andream
2237 2979 2314 3040 Π.
2371 3043 2372 3046 ¹

394 3066 618 3129 decima
660 3078 927 3130 monetae
971 3063 1043 3126 ad
1088 3063 1396 3128 historiam
1438 3088 1639 3128 rerum
1677 3077 1988 3151 gestarum
2031 3063 2315 3153 pertinet3

534 3247 577 3320 ¹)
623 3253 693 3301 De
726 3253 875 3317 gestis
906 3252 1071 3302 Fried.
1108 3252 1146 3301 Ι.
1189 3269 1232 3303 c.
1270 3249 1367 3304 31.

528 3336 579 3404 ι3)
625 3338 679 3387 In
713 3339 973 3404 Genealog.
1009 3338 1198 3402 Regum
1231 3339 1394 3405 Hung.
1430 3354 1531 3389 sec.
1565 3339 1648 3389 XI.
1689 3354 1740 3404 p.
1778 3336 1918 3389 200.

526 3419 576 3491 3)
622 3423 814 3489 Magyar
845 3429 1016 3490 orszag
1046 3425 1248 3489 ekkorig
1273 3426 1532 3475 ismeretes
1562 3425 1750 3491 penzei.
1786 3424 1958 3475 Budan
1994 3416 2173 3474 1841.

527 3511 575 3570 4)
620 3509 729 3559 Lib.
764 3510 824 3559 ll.
871 3516 899 3570 §
934 3510 1029 3561 70.
1927 3582 1929 3585 Ι

529 3591 578 3657 ⁵)
625 3594 693 3643 De
724 3610 852 3644 anuo
891 3593 1049 3645 1256
1085 3597 1131 3646 in
1167 3597 1288 3646 Cod.
1323 3596 1431 3661 Dip.
1466 3597 1541 3647 lv.
1579 3593 1633 3645 2.
1668 3612 1717 3660 p.
1755 3590 1874 3646 384
