2384 3886
332 237 456 295 378

334 375 530 451 mod0,
577 372 682 436 sed
715 372 1047 436 Comitibus
1079 393 1310 457 quoque
1338 371 1539 433 Castri
1574 370 1873 433 nonnullis
1906 396 2107 436 verum
2141 389 2252 454 est,

335 482 582 545 quorum
628 456 1052 534 commoditati,
1110 459 1610 543 prosperitatique
1647 456 1805 519 vitae
1838 457 2093 522 facilitas
2141 464 2256 525 Re-

334 568 479 628 gum
510 566 809 628 nunquam
850 542 1049 606 defuit.
1078 550 1132 623 4)

466 672 513 732 4)
559 670 632 719 Ex
660 669 812 719 literis
843 669 964 718 haec
994 667 1213 717 Andreae
1243 667 1306 718 ΙΙ.
1341 668 1568 733 colligaS,
1618 666 1796 733 quibus
1829 669 2007 719 Comiti
2039 671 2253 737 Sopron.

337 756 485 805 castri
515 755 739 816 mandat,
793 761 847 804 ut
878 755 938 803 de
967 753 1121 803 vineis
1151 753 1245 803 FF.
1281 753 1341 803 de
1371 760 1540 803 monte
1572 770 1614 803 S.
1647 753 1825 803 Mariae
1859 754 2126 820 Cybriones
2157 773 2258 807 non

334 840 538 906 recipiat
578 840 870 906 „possessio
903 839 1083 904 quippe
1120 838 1272 888 libera
1303 845 1403 899 est,
1452 845 1500 888 et
1530 854 1794 904 possessor
1823 839 2044 905 ejusdem
2075 842 2260 906 praedii

337 927 516 976 Comes
548 926 770 976 videlicet
799 924 1073 983 Dionisius,
1124 924 1208 988 qui
1240 939 1346 973 eam
1380 930 1559 972 terram
1591 923 1810 974 Eclesiae
1833 933 1881 975 et
1903 926 1997 975 FF.
2031 926 2125 976 illis
2154 934 2261 977 tra-

335 1012 479 1072 didit,
528 1012 767 1062 hactenus
810 1026 910 1060 non
950 1007 1244 1074 persolvit.“
1291 1008 1426 1077 Idem
1458 1008 1571 1058 alibi
1605 1008 1868 1071 „dedimus
1900 1011 2047 1076 igitur
2075 1011 2169 1062 illis
2199 1012 2264 1063 li·-

334 1097 554 1147 bertinos
575 1097 827 1156 denariOS,
863 1095 944 1160 qui
977 1094 1118 1158 vulgo
1149 1094 1340 1143 fumarii
1364 1101 1623 1156 vocantur,
1658 1101 1707 1144 et
1733 1096 1979 1160 pondera,
2015 1103 2062 1147 et
2089 1113 2263 1148 omnes

338 1183 605 1248 Cybriones
630 1182 688 1231 ab
711 1181 844 1232 omni
878 1180 1061 1245 populo
1094 1195 1292 1240 eorum,
1327 1179 1668 1245 cujuscunque
1693 1181 2016 1245 conditionis3
2058 1183 2119 1232 ad
2149 1184 2263 1234 nul*

338 1269 438 1317 lum
471 1268 602 1317 enim
633 1267 906 1332 pertinent,
940 1281 1032 1315 nec
1053 1266 1112 1314 ad
1137 1264 1433 1327 Palatinum,
1468 1281 1559 1315 nec
1591 1266 1651 1314 ad
1685 1266 1927 1316 Comitem
1955 1267 2015 1317 de
2044 1267 2260 1334 Suprun,

339 1354 432 1402 nisi
463 1353 521 1403 ad
553 1369 672 1414 neS,
723 1368 835 1402 cum
875 1350 1223 1417 possessiones
1263 1367 1435 1402 eorum
1486 1351 1779 1417 (Hevenesiz
1835 1359 1885 1402 et
1922 1352 2149 1423 praedia)
2203 1354 2267 1404 li-

337 1439 450 1489 bera
485 1422 681 1504 semper
710 1437 948 1488 fuerint.“
999 1436 1140 1487 Conf.
1173 1437 1244 1487 lit.
1278 1437 1422 1487 Belae
1452 1437 1530 1487 IV.
1564 1436 1624 1487 de
1654 1437 1998 1502 Nyiilensibus.

1191 1602 1233 1679 ς
1281 1604 1418 1661 183.

420 1737 474 1792 Ιι.
516 1743 872 1794 'Proventus
919 1743 987 1792 de
1033 1741 1306 1808 pedagiis
1353 1748 1410 1791 et
1451 1741 1758 1806 passagiis
1804 1747 1860 1791 et
1903 1742 2189 1792 mercatis

1104 1825 1243 1879 'seu
1296 1826 1465 1877 foris,

511 1981 642 2040 Hos
691 1999 895 2041 omnes
941 1976 1129 2063 Regis
1180 1999 1318 2040 esse
1362 1988 1624 2040 testatur
1666 1975 1815 2038 Bela
1855 1978 1991 2050 llI.;
2065 1975 2272 2040 haberi

345 2075 506 2126 certe
531 2062 660 2124 sine
683 2061 997 2149 privilegio
1029 2086 1136 2159 per
1164 2061 1429 2148 privatos
1465 2061 1816 2147 nequibant3
1859 2084 1972 2147 quo
1997 2061 2069 2124 de
2091 2074 2269 2149 portu

345 2146 579 2225 Obada,
635 2160 694 2211 et
729 2147 950 2210 telonio
989 2147 1102 2210 sori
1129 2147 1426 2210 Moniales
1467 2145 1537 2210 de
1580 2147 1734 2210 valle
1776 2147 2272 2234 Veszpremiensi
2366 2211 2371 2216 ,

335 2237 458 2320 jam
482 2257 589 2320 per
612 2232 663 2295 d.
691 2232 1061 2319 Stephanum
1088 2233 1340 2296 donatae
1365 2245 1520 2295 sunt.
1555 2230 1717 2295 ldem
1740 2231 1800 2294 in
1823 2232 2166 2295 Pecsvarad
2189 2233 2273 2296 fo-

345 2343 473 2381 rum
504 2310 596 2382 bis
625 2319 686 2380 in
712 2318 1080 2382 hebdomada
1121 2331 1284 2382 stare
1317 2318 1518 2382 voluit.
1565 2321 1760 2404 Hujus
1791 2331 2142 2405 proventum
2170 2342 2274 2406 ge-

346 2406 508 2469 neris
545 2403 826 2468 Andreas
851 2408 894 2466 1.
921 2404 981 2466 in
1013 2405 1098 2467 lit.
1131 2409 1391 2467 Monast.
1428 2403 1686 2489 Tihany.
1721 2404 2015 2467 mercati
2053 2404 2274 2468 trihu-

345 2504 483 2554 tum
529 2503 729 2568 vocat,
786 2514 860 2553 ex
907 2491 1089 2554 rebus
1130 2490 1279 2579 ipsis
1336 2490 1671 2554 desumtum
1721 2489 1893 2568 olim,
1949 2489 2158 2555 deinde
2201 2489 2276 2554 ad
2371 2519 2374 2522 ·

347 2601 449 2641 aes
487 2588 759 2665 paratum
791 2576 1117 2640 reductum.

1192 2713 1234 2789 g
1287 2715 1421 2772 184.

894 2850 947 2902 5.
995 2852 1346 2902 Proventus·
1378 2850 1730 2927 tricesimae

521 3002 640 3076 „Et
681 3011 920 3087 praeter
969 3001 1115 3064 haec
1161 2999 1502 3064 tricesima“
1546 2998 1706 3063 addit
1757 2997 1905 3062 Bela
1938 3001 2049 3063 IV.
2111 3002 2277 3077 Quae
2375 3007 2380 3019 ‘

352 3088 482 3171 ejus
514 3085 699 3148 verba
727 3086 1103 3173 apponimuS,
1137 3098 1203 3149 ut
1228 3086 1568 3149 distinctum
1601 3083 1756 3148 hunc
1775 3088 1900 3171 jam
1927 3098 2122 3149 aetate
2146 3089 2278 3173 ejus
2370 3070 2384 3106 ἶ

350 3170 647 3233 redituum
685 3171 899 3234 aerarii
938 3172 1125 3235 fuisse
1160 3195 1388 3234 ramum
1429 3194 1748 3257 agnoscas,
1784 3178 1830 3251 1)
2381 3177 2384 3188 '

407 3342 409 3344 ,
492 3295 534 3366 ¹)
582 3299 682 3347 Rex
725 3299 963 3363 Ungariae
995 3298 1060 3348 ait
1092 3298 1235 3364 Greg.
1283 3299 1364 3348 IX.
1400 3294 1494 3348 PP.
1529 3298 1578 3347 in
1609 3298 1680 3349 lit.
1716 3313 1760 3348 a.
1801 3293 1990 3359 1235,
2037 3313 2129 3364 pro
2161 3298 2276 3349 dote
2375 3292 2384 3353 ,ἱ

359 3413 426 3417 ——
467 3383 590 3433 filiae
624 3413 691 3419 ——
728 3385 964 3449 quosdam
1007 3384 1220 3444 reditus,
1270 3384 1351 3450 qui
1382 3384 1629 3434 tricesima
1660 3383 1922 3449 vulgariter
1951 3383 2275 3449 appellantur,
2369 3399 2378 3457 ῐΊ

356 3468 595 3533 obligavit.
629 3469 714 3519 III.
751 3467 806 3519 2.
841 3486 891 3535 p.
927 3464 1068 3519 448.
1119 3470 1347 3520 Occurrit
1387 3470 1531 3519 etiam
1563 3470 1612 3519 in
1643 3470 1766 3535 priv.
1801 3467 1945 3518 Belac
1977 3469 2052 3519 lV.
2096 3468 2275 3518 Pestho

356 3552 525 3617 majori
565 3561 612 3604 ct
650 3554 826 3605 minori
862 3556 1036 3605 collato
1069 3555 1145 3605 IV.
1185 3553 1236 3605 1.
1273 3572 1322 3619 p.
1362 3551 1499 3617 326,
1536 3562 1582 3604 et
1614 3555 1706 3604 alio
1739 3554 1814 3604 lv.
1853 3550 1907 3605 3.
1938 3570 1991 3619 p.
2028 3549 2166 3604 396.
