2384 3886
379 204 465 260 90

381 347 463 419 (a.
507 341 660 417 454)
710 333 1010 398 discordia
1058 332 1315 397 filiorum
1358 331 1646 421 perdidit,
1718 355 1871 418 quae
1926 331 2128 396 itidem
2198 355 2318 396 non

381 426 738 484 Hunnorum
789 431 1022 505 tantum
1076 418 1242 482 exitii
1299 418 1510 505 hujus,
1558 417 1666 481 sed
1707 440 2016 480 commune
2059 417 2317 481 omnium

382 505 628 592 generis
664 503 857 567 nostri
892 504 1183 566 malorum
1220 526 1458 591 semper
1494 515 1672 590 caput
1712 514 1857 565 erat.
1904 504 2095 588 Cujus
2137 526 2318 588 argu-

381 603 580 653 mento
623 589 791 652 fatali
823 612 894 653 30
927 588 1184 675 quidem,
1231 588 1340 652 sed
1376 586 1866 652 manifestissimo
1893 599 2187 674 apparet:
2246 585 2319 650 ad

381 673 577 738 nostri
623 673 803 760 hujus
845 673 1096 760 stirpem
1156 673 1403 759 generis
1426 722 1442 751 ,
1516 695 1747 759 nosque
1781 672 1947 759 ipsos
1984 679 2124 753 (nec
2164 671 2320 733 enim

380 760 476 822 vel
531 759 719 843 longa
777 771 946 822 aetas
1001 757 1196 821 lahem
1240 757 1397 821 hanc
1448 758 1716 821 moribus
1770 756 2000 821 nostris
2073 755 2320 836 exemit)

383 842 534 907 haec
570 843 926 907 Thucididis
979 843 1282 931 pertinere
1333 844 1370 905 1.
1402 845 1481 905 ΙΙ.
1516 850 1617 907 97.
1657 865 1835 920 ,,33111
1859 841 1999 904 11313
2029 839 2322 926 (Scytha-

381 952 512 991 rum
532 928 863 1015 potentiae)
902 951 1022 992 non
1063 928 1256 991 solum
1301 940 1554 1013 gentes,
1601 949 1752 1012 quae
1783 939 1925 990 sunt
1961 926 2023 989 in
2057 930 2323 1013 Europa,

380 1013 491 1076 sed
549 1013 687 1076 illae
738 1013 948 1090 etiam,
1008 1036 1161 1098 quae
1208 1012 1446 1075 suntin
1484 1011 1671 1087 Asia,
1733 1011 1786 1073 si
1829 1034 1985 1096 gens
2023 1034 2144 1073 333
2189 1032 2321 1073 3313

382 1122 501 1160 1133
567 1110 750 1184 gente
816 1098 1194 1172 conferatur,
1271 1094 1518 1181 aequari
1584 1106 1927 1181 nequeunt3
2001 1096 2119 1159 imo
2178 1118 2326 1158 vero

381 1183 544 1245 nulla
604 1205 807 1245 earum
859 1194 985 1258 est,
1045 1203 1198 1277 quae
1237 1179 1489 1266 Scythis
1531 1179 1867 1258 universis,
1923 1180 1985 1243 si
2032 1202 2320 1244 concor-

382 1267 505 1330 des
550 1267 743 1329 inter
789 1289 865 1329 se
909 1265 1210 1342 fuerint,
1262 1265 1554 1329 resistere
1593 1266 1808 1330 valeat.
1882 1265 2063 1342 Quin
2113 1264 2321 1329 etiam

383 1374 471 1413 33
515 1351 588 1412 13
633 1351 772 1413 3113
818 1349 1088 1436 quidem
1134 1351 1433 1414 solertia
1477 1362 1546 1414 et
1588 1350 1994 1437 prudentia,
2055 1373 2209 1436 quae
2261 1349 2320 1411 in

377 1435 561 1498 rebus
594 1435 668 1498 ad
701 1448 1083 1522 praesentem
1120 1435 1303 1499 vitam
1331 1435 1698 1499 necessariis
1724 1434 2082 1523 requiritur,
2129 1446 2319 1498 cete-

378 1520 481 1583 ris
529 1520 946 1585 nationibus
992 1533 1169 1584 sunt
1214 1520 1558 1585 similesf‘

1247 1743 1290 1819 g
1334 1743 1433 1801 28.

633 1893 883 1944 Plurimi
915 1894 1122 1960 itaque
1152 1893 1393 1959 priscas
1423 1893 1818 1959 repetierunt
1848 1891 2061 1954 Sedes,

547 2040 755 2103 Hunni
807 2040 948 2103 victi
1010 2063 1153 2127 pars
1207 2039 1268 2103 in
1310 2039 1625 2125 Scythiam
1666 2040 1954 2104 minorem
1986 2061 2319 2116 recessere,

381 2124 628 2188 sedibus
666 2125 825 2188 inter
859 2124 1285 2189 Boristhenem
1307 2174 1322 2203 ,
1369 2125 1816 2189 Chersonesum
1850 2124 2212 2200 Tauricam,
2258 2135 2320 2186 et

374 2209 651 2296 paludem
709 2210 1017 2274 Maeotida
1072 2211 1241 2285 fixis3
1294 2234 1437 2298 pars
1490 2210 1791 2299 primitiva
1833 2211 1995 2274 ultra
2045 2207 2319 2298 paludem

375 2317 503 2356 eam
537 2295 912 2382 Tanaimque
940 2296 1072 2359 loca
1098 2295 1257 2359 haud
1293 2297 1478 2359 multo
1522 2308 1662 2384 post
1700 2295 2106 2383 repetierunt,
2135 2317 2319 2357 ‘more

375 2379 789 2443 vetustissimo
839 2380 1200 2468 proprioque
1235 2381 1447 2467 generi
1490 2393 1734 2458 nostro,
1780 2404 1888 2468 pro
1939 2377 2319 2444 multitudine

374 2464 647 2548 gentium
670 2466 673 2469 ⁴
696 2478 758 2529 et
817 2465 1080 2528 tribuum
1130 2465 1386 2529 diversis
1411 2465 1748 2553 compellati
1780 2464 2139 2529 nominibus.
2182 2467 2318 2527 Hos

374 2548 713 2612 Bizantinis
740 2551 1076 2636 generatim
1094 2554 1525 2636 Uturguros
1555 2552 1813 2628 1113103,
1850 2549 2215 2638 postliminio
2241 2547 2314 2612 ad

372 2657 715 2711 numerum,
762 2658 1095 2722 nomenque
1124 2639 1568 2721 Magyarorum
1607 2636 2072 2700 Dontoiensium
2112 2656 2315 2699 rever-

372 2741 478 2780 sos
527 2721 826 2783 asserenti
870 2721 1176 2784 Katonaio
1227 2728 1274 2800 1)
1317 2722 1533 2785 lubens
1572 2744 1668 2785 me
1708 2720 2008 2807 adjung03
2073 2742 2210 2782 nam
2242 2718 2316 2782 de

373 2804 745 2888 Cuturguris
765 2853 781 2882 ,
844 2829 920 2867 ex
980 2805 1197 2891 quihus
1239 2808 1543 2869 Cumanos
1580 2806 1938 2893 progenitos
1991 2803 2315 2882 existimat,

375 2909 653 2950 seorsum
680 2889 908 2951 sentire
944 2889 1097 2952 licet.
1161 2893 1494 2976 Utramque
1527 2903 1727 2954 tamen
1765 2903 2009 2976 gentem
2046 2889 2312 2976 ejusdem

373 2995 561 3059 propa
610 2972 767 3035 inem
819 2973 1060 3060 stirpis,
1107 2974 1433 3060 linguaque
1475 2988 1536 3038 31
1579 2974 1848 3038 moribus
1895 2973 2311 3062 conjunctissi-

370 3080 525 3119 mam
564 2996 790 3135 1111333,
839 3081 958 3121 303
999 3071 1095 3122 331
1130 3057 1288 3145 quod
1321 3059 1615 3146 ambigas,
1672 3067 1724 3140 2)

510 3246 551 3304 ¹)
597 3243 826 3309 Epitome
858 3243 1099 3294 Chronol.
1134 3259 1233 3295 rer.
1268 3245 1480 3312 hungar.
1525 3263 1576 3313 p.
1613 3246 1668 3308 7,
1705 3245 1761 3297 9.

503 3330 551 3389 2)
596 3329 866 3379 Menandro
906 3334 1058 3390 teste,
1103 3328 1363 3381 Saldichus
1394 3331 1721 3398 Uturguris
1753 3331 1836 3397 qui
1867 3329 2103 3396 praefuit,
2147 3330 2308 3380 ,13311-

368 3411 516 3461 niano
554 3413 845 3479 Imperatori
883 3413 933 3464 id
971 3414 1384 3478 frequentissimis
1414 3417 1742 3482 legationibus
1780 3415 1979 3476 nitenti,
2029 3421 2084 3465 ut
2124 3414 2309 3465 Zaber-

368 3510 478 3557 gam
513 3496 994 3563 Cuturgurorum
1029 3498 1257 3564 (Agareni
1291 3501 1617 3553 Constantino
1649 3502 1953 3569 Porphyrog.
1979 3502 2189 3563 sue-rant,
2224 3503 2307 3568 qui
