<?xml version="1.0" encoding="UTF-8"?>
<!DOCTYPE html PUBLIC "-//W3C//DTD XHTML 1.0 Transitional//EN"
    "http://www.w3.org/TR/xhtml1/DTD/xhtml1-transitional.dtd">
<html xmlns="http://www.w3.org/1999/xhtml" xml:lang="en" lang="en">
 <head>
  <title>
</title>
<meta http-equiv="Content-Type" content="text/html;charset=utf-8" />
  <meta name='ocr-system' content='tesseract 3.04.00' />
  <meta name='ocr-capabilities' content='ocr_page ocr_carea ocr_par ocr_line ocrx_word'/>
</head>
<body>
  <div class='ocr_page' id='page_1' title='image "./commentariorumad01bart_0155.png"; bbox 0 0 2384 3886; ppageno 0'>
   <div class='ocr_carea' id='block_1_1' title="bbox 0 399 20 431">
    <p class='ocr_par' dir='ltr' id='par_1_1' title="bbox 0 399 20 431">
     <span class='ocr_line' id='line_1_1' title="bbox 0 399 20 431; baseline 0 -4"><span class='ocrx_word' id='word_1_1' title='bbox 0 399 20 431; x_wconf 62' lang='grc' dir='ltr'>ᾗ</span> 
     </span>
    </p>
   </div>
   <div class='ocr_carea' id='block_1_2' title="bbox 0 430 24 501">
    <p class='ocr_par' dir='ltr' id='par_1_2' title="bbox 0 430 24 501">
     <span class='ocr_line' id='line_1_2' title="bbox 0 430 24 501; baseline 0 -67"><span class='ocrx_word' id='word_1_2' title='bbox 0 430 24 501; x_wconf 49' lang='grc' dir='ltr'><em>Ξ</em></span> 
     </span>
    </p>
   </div>
   <div class='ocr_carea' id='block_1_3' title="bbox 0 503 46 539">
    <p class='ocr_par' dir='ltr' id='par_1_3' title="bbox 0 503 46 539">
     <span class='ocr_line' id='line_1_3' title="bbox 0 503 46 539; baseline 0 -6"><span class='ocrx_word' id='word_1_3' title='bbox 0 503 46 539; x_wconf 53' lang='grc' dir='ltr'>ξςῶ</span> 
     </span>
    </p>
   </div>
   <div class='ocr_carea' id='block_1_4' title="bbox 0 549 34 647">
    <p class='ocr_par' dir='ltr' id='par_1_4' title="bbox 0 549 34 647">
     <span class='ocr_line' id='line_1_4' title="bbox 20 559 34 566; baseline 0 -3"><span class='ocrx_word' id='word_1_4' title='bbox 20 559 24 566; x_wconf 60' lang='lat'><em>„</em></span> <span class='ocrx_word' id='word_1_5' title='bbox 31 559 34 563; x_wconf 77' lang='grc'><strong><em>,</em></strong></span> 
     </span>
     <span class='ocr_line' id='line_1_5' title="bbox 0 549 32 647; baseline 0 -25"><span class='ocrx_word' id='word_1_6' title='bbox 0 549 32 647; x_wconf 48' lang='lat' dir='ltr'>{a</span> 
     </span>
    </p>
   </div>
   <div class='ocr_carea' id='block_1_5' title="bbox 1880 193 2000 250">
    <p class='ocr_par' dir='ltr' id='par_1_5' title="bbox 1880 193 2000 250">
     <span class='ocr_line' id='line_1_6' title="bbox 1880 193 2000 250; baseline 0.017 -2"><span class='ocrx_word' id='word_1_7' title='bbox 1880 193 2000 250; x_wconf 73' lang='lat'>147</span> 
     </span>
    </p>
   </div>
   <div class='ocr_carea' id='block_1_6' title="bbox 96 327 2000 415">
    <p class='ocr_par' dir='ltr' id='par_1_6' title="bbox 0 327 2000 415">
     <span class='ocr_line' id='line_1_7' title="bbox 96 327 2000 415; baseline 0.001 -20.952"><span class='ocrx_word' id='word_1_8' title='bbox 96 332 467 415; x_wconf 89' lang='lat' dir='ltr'>majoraquae</span> <span class='ocrx_word' id='word_1_9' title='bbox 501 330 639 394; x_wconf 87' lang='lat' dir='ltr'>belli</span> <span class='ocrx_word' id='word_1_10' title='bbox 687 342 746 393; x_wconf 89' lang='lat' dir='ltr'>et</span> <span class='ocrx_word' id='word_1_11' title='bbox 781 327 943 414; x_wconf 84' lang='lat' dir='ltr'>pacis</span> <span class='ocrx_word' id='word_1_12' title='bbox 985 341 1120 390; x_wconf 90' lang='lat' dir='ltr'>acta</span> <span class='ocrx_word' id='word_1_13' title='bbox 1154 330 1397 414; x_wconf 90' lang='lat' dir='ltr'>negotia</span> <span class='ocrx_word' id='word_1_14' title='bbox 1440 344 1609 403; x_wconf 88' lang='lat' dir='ltr'>sunt;</span> <span class='ocrx_word' id='word_1_15' title='bbox 1641 339 1694 411; x_wconf 72' lang='lat'>4)</span> <span class='ocrx_word' id='word_1_16' title='bbox 1749 331 2000 395; x_wconf 87' lang='lat' dir='ltr'>maximo</span> 
     </span>
    </p>
   </div>
   <div class='ocr_carea' id='block_1_7' title="bbox 91 413 2000 734">
    <p class='ocr_par' dir='ltr' id='par_1_7' title="bbox 91 413 2000 734">
     <span class='ocr_line' id='line_1_8' title="bbox 94 413 2000 501; baseline 0.001 -22"><span class='ocrx_word' id='word_1_17' title='bbox 94 414 206 479; x_wconf 92' lang='lat' dir='ltr'>hoc</span> <span class='ocrx_word' id='word_1_18' title='bbox 255 415 572 479; x_wconf 84' lang='lat' dir='ltr'>Comitiatu</span> <span class='ocrx_word' id='word_1_19' title='bbox 626 413 968 478; x_wconf 87' lang='lat' dir='ltr'>ferebantur</span> <span class='ocrx_word' id='word_1_20' title='bbox 1011 414 1213 498; x_wconf 82' lang='lat' dir='ltr'>leges3</span> <span class='ocrx_word' id='word_1_21' title='bbox 1271 414 1445 500; x_wconf 90' lang='lat' dir='ltr'>hujus</span> <span class='ocrx_word' id='word_1_22' title='bbox 1481 416 1707 501; x_wconf 88' lang='lat' dir='ltr'>judicio</span> <span class='ocrx_word' id='word_1_23' title='bbox 1765 416 2000 481; x_wconf 81' lang='lat' dir='ltr'>damna-</span> 
     </span>
     <span class='ocr_line' id='line_1_9' title="bbox 93 497 2000 588; baseline 0.002 -25"><span class='ocrx_word' id='word_1_24' title='bbox 93 499 309 563; x_wconf 84' lang='lat' dir='ltr'><strong>bantur</strong></span> <span class='ocrx_word' id='word_1_25' title='bbox 340 500 474 563; x_wconf 81' lang='lat' dir='ltr'>fidei</span> <span class='ocrx_word' id='word_1_26' title='bbox 508 501 787 575; x_wconf 84' lang='lat' dir='ltr'>violatae,</span> <span class='ocrx_word' id='word_1_27' title='bbox 825 497 1155 584; x_wconf 79' lang='lat' dir='ltr'><strong>proditique</strong></span> <span class='ocrx_word' id='word_1_28' title='bbox 1184 499 1436 561; x_wconf 91' lang='lat' dir='ltr'>nominis</span> <span class='ocrx_word' id='word_1_29' title='bbox 1464 500 1774 588; x_wconf 81' lang='lat' dir='ltr'>hungarici</span> <span class='ocrx_word' id='word_1_30' title='bbox 1812 504 1916 565; x_wconf 89' lang='lat' dir='ltr'>rei.</span> <span class='ocrx_word' id='word_1_31' title='bbox 1949 510 2000 583; x_wconf 82' lang='lat'>5)</span> 
     </span>
     <span class='ocr_line' id='line_1_10' title="bbox 91 582 2000 734; baseline 0.003 -87"><span class='ocrx_word' id='word_1_32' title='bbox 91 586 365 734; x_wconf 50' lang='lat' dir='ltr'>Benigne</span> <span class='ocrx_word' id='word_1_33' title='bbox 408 610 524 649; x_wconf 93' lang='lat' dir='ltr'>non</span> <span class='ocrx_word' id='word_1_34' title='bbox 570 582 988 682; x_wconf 77' lang='lat' dir='ltr'>perduellionis</span> <span class='ocrx_word' id='word_1_35' title='bbox 1028 595 1259 646; x_wconf 88' lang='lat' dir='ltr'>tantum</span> <span class='ocrx_word' id='word_1_36' title='bbox 1307 585 1627 663; x_wconf 81' lang='lat' dir='ltr'>actionem,</span> <span class='ocrx_word' id='word_1_37' title='bbox 1675 588 2000 675; x_wconf 80' lang='lat' dir='ltr'>capitisque</span> 
     </span>
    </p>
   </div>
   <div class='ocr_carea' id='block_1_8' title="bbox 16 667 2001 759">
    <p class='ocr_par' dir='ltr' id='par_1_8' title="bbox 16 667 2001 759">
     <span class='ocr_line' id='line_1_11' title="bbox 16 667 2001 759; baseline 0.003 -27"><span class='ocrx_word' id='word_1_38' title='bbox 16 741 17 744; x_wconf 8' lang='grc' dir='ltr'><strong>Ἴ</strong></span> <span class='ocrx_word' id='word_1_39' title='bbox 91 669 255 734; x_wconf 91' lang='lat' dir='ltr'>inten</span> <span class='ocrx_word' id='word_1_40' title='bbox 298 695 397 734; x_wconf 91' lang='lat' dir='ltr'>ere</span> <span class='ocrx_word' id='word_1_41' title='bbox 446 670 756 732; x_wconf 83' lang='lat' dir='ltr'>discrlmen</span> <span class='ocrx_word' id='word_1_42' title='bbox 812 691 1010 731; x_wconf 89' lang='lat' dir='ltr'>coram</span> <span class='ocrx_word' id='word_1_43' title='bbox 1062 667 1174 732; x_wconf 90' lang='lat' dir='ltr'>hoc</span> <span class='ocrx_word' id='word_1_44' title='bbox 1222 669 1485 732; x_wconf 91' lang='lat' dir='ltr'>universi</span> <span class='ocrx_word' id='word_1_45' title='bbox 1520 674 1718 758; x_wconf 90' lang='lat' dir='ltr'>populi</span> <span class='ocrx_word' id='word_1_46' title='bbox 1756 673 2001 759; x_wconf 88' lang='lat' dir='ltr'>judicio,</span> 
     </span>
    </p>
   </div>
   <div class='ocr_carea' id='block_1_9' title="bbox 38 751 2003 1011">
    <p class='ocr_par' dir='ltr' id='par_1_9' title="bbox 0 751 2003 1011">
     <span class='ocr_line' id='line_1_12' title="bbox 93 751 2003 842; baseline 0.005 -27.536"><span class='ocrx_word' id='word_1_47' title='bbox 93 756 200 819; x_wconf 88' lang='lat' dir='ltr'>sed</span> <span class='ocrx_word' id='word_1_48' title='bbox 236 757 331 819; x_wconf 88' lang='lat' dir='ltr'>vel</span> <span class='ocrx_word' id='word_1_49' title='bbox 374 779 408 818; x_wconf 92' lang='lat' dir='ltr'>a</span> <span class='ocrx_word' id='word_1_50' title='bbox 445 754 741 819; x_wconf 92' lang='lat' dir='ltr'>sententia</span> <span class='ocrx_word' id='word_1_51' title='bbox 774 754 1076 830; x_wconf 81' lang='lat' dir='ltr'>RectoriS,</span> <span class='ocrx_word' id='word_1_52' title='bbox 1119 751 1188 816; x_wconf 83' lang='lat' dir='ltr'>de</span> <span class='ocrx_word' id='word_1_53' title='bbox 1218 777 1332 840; x_wconf 91' lang='lat' dir='ltr'>quo</span> <span class='ocrx_word' id='word_1_54' title='bbox 1360 778 1521 832; x_wconf 86' lang='lat' dir='ltr'>mox,</span> <span class='ocrx_word' id='word_1_55' title='bbox 1567 780 1889 842; x_wconf 89' lang='lat' dir='ltr'>provocare</span> <span class='ocrx_word' id='word_1_56' title='bbox 1929 760 2003 824; x_wconf 84' lang='lat' dir='ltr'>ad</span> 
     </span>
     <span class='ocr_line' id='line_1_13' title="bbox 93 838 2001 929; baseline 0.002 -24.833"><span class='ocrx_word' id='word_1_57' title='bbox 93 840 544 904; x_wconf 84' lang='lat' dir='ltr'>Communitatis</span> <span class='ocrx_word' id='word_1_58' title='bbox 571 839 1116 926; x_wconf 86' lang='lat' dir='ltr'>Congregationem</span> <span class='ocrx_word' id='word_1_59' title='bbox 1152 838 1305 901; x_wconf 83' lang='lat' dir='ltr'>hanc</span> <span class='ocrx_word' id='word_1_60' title='bbox 1350 842 1661 925; x_wconf 80' lang='lat' dir='ltr'>(Gyiilles)</span> <span class='ocrx_word' id='word_1_61' title='bbox 1694 867 1883 929; x_wconf 89' lang='lat' dir='ltr'>usque</span> <span class='ocrx_word' id='word_1_62' title='bbox 1929 847 2001 908; x_wconf 88' lang='lat' dir='ltr'>ab</span> 
     </span>
     <span class='ocr_line' id='line_1_14' title="bbox 38 925 1918 1011; baseline 0.002 -22"><span class='ocrx_word' id='word_1_63' title='bbox 38 943 41 946; x_wconf 56' lang='lat'><strong>⁴</strong></span> <span class='ocrx_word' id='word_1_64' title='bbox 92 926 298 989; x_wconf 89' lang='lat' dir='ltr'>ultima</span> <span class='ocrx_word' id='word_1_65' title='bbox 337 927 668 989; x_wconf 91' lang='lat' dir='ltr'>seculorum</span> <span class='ocrx_word' id='word_1_66' title='bbox 703 925 985 988; x_wconf 89' lang='lat' dir='ltr'>memoria</span> <span class='ocrx_word' id='word_1_67' title='bbox 1023 948 1322 1011; x_wconf 89' lang='lat' dir='ltr'>nunquam</span> <span class='ocrx_word' id='word_1_68' title='bbox 1355 950 1474 990; x_wconf 91' lang='lat' dir='ltr'>non</span> <span class='ocrx_word' id='word_1_69' title='bbox 1495 926 1763 992; x_wconf 61' lang='lat' dir='ltr'>“liberum</span> <span class='ocrx_word' id='word_1_70' title='bbox 1792 929 1918 992; x_wconf 88' lang='lat' dir='ltr'>fuit.</span> 
     </span>
    </p>
   </div>
   <div class='ocr_carea' id='block_1_10' title="bbox 94 1077 2006 1319">
    <p class='ocr_par' dir='ltr' id='par_1_10' title="bbox 94 1077 2006 1319">
     <span class='ocr_line' id='line_1_15' title="bbox 210 1077 2006 1157; baseline 0.005 -28"><span class='ocrx_word' id='word_1_71' title='bbox 210 1085 278 1157; x_wconf 21' lang='lat'>¹4)</span> <span class='ocrx_word' id='word_1_72' title='bbox 321 1083 479 1152; x_wconf 84' lang='lat' dir='ltr'>§—pho</span> <span class='ocrx_word' id='word_1_73' title='bbox 515 1098 684 1147; x_wconf 80' lang='lat' dir='ltr'>super.</span> <span class='ocrx_word' id='word_1_74' title='bbox 726 1089 774 1131; x_wconf 90' lang='lat' dir='ltr'>et</span> <span class='ocrx_word' id='word_1_75' title='bbox 809 1082 952 1131; x_wconf 85' lang='lat' dir='ltr'>Belae</span> <span class='ocrx_word' id='word_1_76' title='bbox 989 1082 1048 1131; x_wconf 92' lang='lat' dir='ltr'>R.</span> <span class='ocrx_word' id='word_1_77' title='bbox 1091 1081 1202 1132; x_wconf 87' lang='lat' dir='ltr'>Not.</span> <span class='ocrx_word' id='word_1_78' title='bbox 1248 1098 1292 1132; x_wconf 93' lang='lat' dir='ltr'>c.</span> <span class='ocrx_word' id='word_1_79' title='bbox 1328 1080 1436 1142; x_wconf 78' lang='lat'>20,</span> <span class='ocrx_word' id='word_1_80' title='bbox 1482 1081 1587 1144; x_wconf 80' lang='lat'>26,</span> <span class='ocrx_word' id='word_1_81' title='bbox 1630 1077 1737 1144; x_wconf 89' lang='grc'>41,</span> <span class='ocrx_word' id='word_1_82' title='bbox 1778 1080 1885 1148; x_wconf 87' lang='grc'>46,</span> <span class='ocrx_word' id='word_1_83' title='bbox 1928 1082 2006 1138; x_wconf 86' lang='grc'>47</span> 
     </span>
     <span class='ocr_line' id='line_1_16' title="bbox 94 1165 1137 1233; baseline -0.001 -16"><span class='ocrx_word' id='word_1_84' title='bbox 94 1167 233 1229; x_wconf 90' lang='lat' dir='ltr'>belli,</span> <span class='ocrx_word' id='word_1_85' title='bbox 265 1184 374 1233; x_wconf 86' lang='lat' dir='ltr'>cap.</span> <span class='ocrx_word' id='word_1_86' title='bbox 408 1165 470 1229; x_wconf 89' lang='grc'>9,</span> <span class='ocrx_word' id='word_1_87' title='bbox 511 1165 611 1228; x_wconf 86' lang='grc'>10,</span> <span class='ocrx_word' id='word_1_88' title='bbox 651 1165 722 1216; x_wconf 93' lang='grc'>51</span> <span class='ocrx_word' id='word_1_89' title='bbox 759 1167 895 1232; x_wconf 85' lang='lat' dir='ltr'>pacis</span> <span class='ocrx_word' id='word_1_90' title='bbox 925 1167 1137 1232; x_wconf 86' lang='lat' dir='ltr'>negotia.</span> 
     </span>
     <span class='ocr_line' id='line_1_17' title="bbox 224 1248 2005 1319; baseline 0.005 -18"><span class='ocrx_word' id='word_1_91' title='bbox 224 1256 271 1315; x_wconf 87' lang='lat'>5)</span> <span class='ocrx_word' id='word_1_92' title='bbox 317 1253 470 1303; x_wconf 89' lang='lat' dir='ltr'>Thur.</span> <span class='ocrx_word' id='word_1_93' title='bbox 513 1252 566 1302; x_wconf 89' lang='lat' dir='ltr'>P.</span> <span class='ocrx_word' id='word_1_94' title='bbox 608 1253 669 1301; x_wconf 92' lang='lat' dir='ltr'>II.</span> <span class='ocrx_word' id='word_1_95' title='bbox 712 1269 755 1302; x_wconf 89' lang='lat' dir='ltr'>c.</span> <span class='ocrx_word' id='word_1_96' title='bbox 799 1250 854 1302; x_wconf 88' lang='grc'>9.</span> <span class='ocrx_word' id='word_1_97' title='bbox 897 1253 1081 1303; x_wconf 88' lang='lat' dir='ltr'>Chron.</span> <span class='ocrx_word' id='word_1_98' title='bbox 1120 1253 1245 1302; x_wconf 90' lang='lat' dir='ltr'>Bud.</span> <span class='ocrx_word' id='word_1_99' title='bbox 1288 1269 1338 1317; x_wconf 88' lang='lat' dir='ltr'>p.</span> <span class='ocrx_word' id='word_1_100' title='bbox 1374 1248 1474 1302; x_wconf 86' lang='grc'>45.</span> <span class='ocrx_word' id='word_1_101' title='bbox 1514 1254 1651 1319; x_wconf 82' lang='lat' dir='ltr'>Prayi</span> <span class='ocrx_word' id='word_1_102' title='bbox 1697 1255 1902 1308; x_wconf 87' lang='lat' dir='ltr'>Dissert.</span> <span class='ocrx_word' id='word_1_103' title='bbox 1944 1261 2005 1310; x_wconf 87' lang='lat' dir='ltr'>ad</span> 
     </span>
    </p>
   </div>
   <div class='ocr_carea' id='block_1_11' title="bbox 8 1331 2002 1406">
    <p class='ocr_par' dir='ltr' id='par_1_11' title="bbox 8 1331 2002 1406">
     <span class='ocr_line' id='line_1_18' title="bbox 8 1331 2002 1406; baseline 0.004 -18"><span class='ocrx_word' id='word_1_104' title='bbox 8 1402 12 1406; x_wconf 89' lang='lat'><strong>.</strong></span> <span class='ocrx_word' id='word_1_105' title='bbox 91 1339 213 1389; x_wconf 86' lang='lat' dir='ltr'>Ann.</span> <span class='ocrx_word' id='word_1_106' title='bbox 247 1346 340 1388; x_wconf 87' lang='lat' dir='ltr'>vet.</span> <span class='ocrx_word' id='word_1_107' title='bbox 374 1354 423 1403; x_wconf 87' lang='lat' dir='ltr'>p.</span> <span class='ocrx_word' id='word_1_108' title='bbox 460 1331 599 1387; x_wconf 67' lang='lat'>240.</span> <span class='ocrx_word' id='word_1_109' title='bbox 636 1337 800 1398; x_wconf 86' lang='lat' dir='ltr'>„Hinc</span> <span class='ocrx_word' id='word_1_110' title='bbox 833 1353 889 1387; x_wconf 86' lang='lat' dir='ltr'>ea</span> <span class='ocrx_word' id='word_1_111' title='bbox 919 1339 1050 1403; x_wconf 85' lang='lat' dir='ltr'>apud</span> <span class='ocrx_word' id='word_1_112' title='bbox 1080 1338 1435 1402; x_wconf 79' lang='lat' dir='ltr'>Transylvanos</span> <span class='ocrx_word' id='word_1_113' title='bbox 1467 1342 1771 1391; x_wconf 78' lang='lat' dir='ltr'>consuetudo</span> <span class='ocrx_word' id='word_1_114' title='bbox 1804 1343 1909 1405; x_wconf 81' lang='lat' dir='ltr'><strong>(IX.</strong></span> <span class='ocrx_word' id='word_1_115' title='bbox 1946 1341 2002 1395; x_wconf 85' lang='lat'>3.</span> 
     </span>
    </p>
   </div>
   <div class='ocr_carea' id='block_1_12' title="bbox 93 1421 2005 1495">
    <p class='ocr_par' dir='ltr' id='par_1_12' title="bbox 93 1421 2005 1495">
     <span class='ocr_line' id='line_1_19' title="bbox 93 1421 2005 1495; baseline 0.003 -21"><span class='ocrx_word' id='word_1_116' title='bbox 93 1439 144 1490; x_wconf 87' lang='lat' dir='ltr'>p.</span> <span class='ocrx_word' id='word_1_117' title='bbox 181 1421 324 1485; x_wconf 82' lang='lat'>552)</span> <span class='ocrx_word' id='word_1_118' title='bbox 355 1430 409 1473; x_wconf 91' lang='lat' dir='ltr'>ut</span> <span class='ocrx_word' id='word_1_119' title='bbox 437 1421 635 1472; x_wconf 89' lang='lat' dir='ltr'>Nobiles</span> <span class='ocrx_word' id='word_1_120' title='bbox 665 1438 766 1472; x_wconf 91' lang='lat' dir='ltr'>non</span> <span class='ocrx_word' id='word_1_121' title='bbox 796 1423 939 1484; x_wconf 61' lang='lat' dir='ltr'>aliam,</span> <span class='ocrx_word' id='word_1_122' title='bbox 981 1423 1075 1472; x_wconf 90' lang='lat' dir='ltr'>nisi</span> <span class='ocrx_word' id='word_1_123' title='bbox 1105 1422 1155 1472; x_wconf 89' lang='lat' dir='ltr'>in</span> <span class='ocrx_word' id='word_1_124' title='bbox 1187 1424 1481 1487; x_wconf 75' lang='lat' dir='ltr'>specialibus</span> <span class='ocrx_word' id='word_1_125' title='bbox 1513 1425 1748 1491; x_wconf 82' lang='lat' dir='ltr'>Vajvodae</span> <span class='ocrx_word' id='word_1_126' title='bbox 1781 1428 2005 1495; x_wconf 84' lang='lat' dir='ltr'>Congre-</span> 
     </span>
    </p>
   </div>
   <div class='ocr_carea' id='block_1_13' title="bbox 16 1502 1451 1581">
    <p class='ocr_par' dir='ltr' id='par_1_13' title="bbox 16 1502 1451 1581">
     <span class='ocr_line' id='line_1_20' title="bbox 16 1502 1451 1581; baseline 0 -23"><span class='ocrx_word' id='word_1_127' title='bbox 16 1502 18 1504; x_wconf 58' lang='grc'><strong>’</strong></span> <span class='ocrx_word' id='word_1_128' title='bbox 97 1508 372 1573; x_wconf 87' lang='lat' dir='ltr'>gationibus</span> <span class='ocrx_word' id='word_1_129' title='bbox 404 1524 492 1558; x_wconf 89' lang='lat' dir='ltr'>seu</span> <span class='ocrx_word' id='word_1_130' title='bbox 520 1508 823 1559; x_wconf 83' lang='lat' dir='ltr'>Judicatibus</span> <span class='ocrx_word' id='word_1_131' title='bbox 847 1508 1155 1574; x_wconf 82' lang='lat' dir='ltr'>proscribi</span> <span class='ocrx_word' id='word_1_132' title='bbox 1186 1514 1451 1581; x_wconf 84' lang='lat' dir='ltr'>possent.“</span> 
     </span>
    </p>
   </div>
   <div class='ocr_carea' id='block_1_14' title="bbox 203 1678 1882 1779">
    <p class='ocr_par' dir='ltr' id='par_1_14' title="bbox 203 1678 1882 1779">
     <span class='ocr_line' id='line_1_21' title="bbox 203 1678 1882 1779; baseline 0.002 -5"><span class='ocrx_word' id='word_1_133' title='bbox 203 1724 207 1728; x_wconf 84' lang='grc'><em>’</em></span> <span class='ocrx_word' id='word_1_134' title='bbox 274 1716 381 1775; x_wconf 86' lang='grc'>10.</span> <span class='ocrx_word' id='word_1_135' title='bbox 427 1678 528 1777; x_wconf 83' lang='lat' dir='ltr'>De</span> <span class='ocrx_word' id='word_1_136' title='bbox 572 1717 857 1778; x_wconf 64' lang='lat' dir='ltr'>Restare</span> <span class='ocrx_word' id='word_1_137' title='bbox 901 1736 1013 1777; x_wconf 79' lang='lat' dir='ltr'>seu</span> <span class='ocrx_word' id='word_1_138' title='bbox 1055 1716 1289 1777; x_wconf 74' lang='lat' dir='ltr'>Judice</span> <span class='ocrx_word' id='word_1_139' title='bbox 1335 1715 1826 1779; x_wconf 54' lang='lat' dir='ltr'>Com-munitatis</span> <span class='ocrx_word' id='word_1_140' title='bbox 1879 1702 1882 1705; x_wconf 31' lang='lat'><em>¹</em></span> 
     </span>
    </p>
   </div>
   <div class='ocr_carea' id='block_1_15' title="bbox 960 1878 1144 1953">
    <p class='ocr_par' dir='ltr' id='par_1_15' title="bbox 960 1878 1144 1953">
     <span class='ocr_line' id='line_1_22' title="bbox 960 1878 1144 1953; baseline -0.005 -17"><span class='ocrx_word' id='word_1_141' title='bbox 960 1878 1002 1953; x_wconf 65' lang='lat' dir='ltr'>g</span> <span class='ocrx_word' id='word_1_142' title='bbox 1048 1881 1144 1936; x_wconf 78' lang='lat'>41.</span> 
     </span>
    </p>
   </div>
   <div class='ocr_carea' id='block_1_16' title="bbox 568 2031 1538 2096">
    <p class='ocr_par' dir='ltr' id='par_1_16' title="bbox 568 2031 1538 2096">
     <span class='ocr_line' id='line_1_23' title="bbox 568 2031 1538 2096; baseline 0 -16"><span class='ocrx_word' id='word_1_143' title='bbox 568 2031 823 2081; x_wconf 82' lang='lat' dir='ltr'>ambitus</span> <span class='ocrx_word' id='word_1_144' title='bbox 871 2031 1134 2080; x_wconf 84' lang='lat' dir='ltr'>muneris</span> <span class='ocrx_word' id='word_1_145' title='bbox 1182 2031 1538 2096; x_wconf 82' lang='lat' dir='ltr'>amplissimi</span> 
     </span>
    </p>
   </div>
   <div class='ocr_carea' id='block_1_17' title="bbox 268 2178 2006 2277">
    <p class='ocr_par' dir='ltr' id='par_1_17' title="bbox 268 2178 2006 2277">
     <span class='ocr_line' id='line_1_24' title="bbox 268 2178 2006 2277; baseline 0.003 -36"><span class='ocrx_word' id='word_1_146' title='bbox 268 2182 495 2265; x_wconf 90' lang='lat' dir='ltr'>Magno</span> <span class='ocrx_word' id='word_1_147' title='bbox 556 2178 821 2266; x_wconf 90' lang='lat' dir='ltr'>Principi</span> <span class='ocrx_word' id='word_1_148' title='bbox 875 2180 1168 2243; x_wconf 81' lang='lat' dir='ltr'>auctorite</span> <span class='ocrx_word' id='word_1_149' title='bbox 1223 2179 1627 2277; x_wconf 70' lang='lat' dir='ltr'>Magistratus</span> <span class='ocrx_word' id='word_1_150' title='bbox 1681 2181 2006 2268; x_wconf 78' lang='lat' dir='ltr'>proximuS,</span> 
     </span>
    </p>
   </div>
   <div class='ocr_carea' id='block_1_18' title="bbox 23 2253 2005 2439">
    <p class='ocr_par' dir='ltr' id='par_1_18' title="bbox 23 2253 2005 2439">
     <span class='ocr_line' id='line_1_25' title="bbox 26 2253 2004 2352; baseline 0.002 -24"><span class='ocrx_word' id='word_1_151' title='bbox 26 2279 31 2283; x_wconf 82' lang='grc'><strong>”</strong></span> <span class='ocrx_word' id='word_1_152' title='bbox 98 2253 298 2352; x_wconf 87' lang='lat' dir='ltr'>populi</span> <span class='ocrx_word' id='word_1_153' title='bbox 330 2264 593 2328; x_wconf 89' lang='lat' dir='ltr'>universi</span> <span class='ocrx_word' id='word_1_154' title='bbox 630 2264 1005 2351; x_wconf 81' lang='lat' dir='ltr'>deligebatur</span> <span class='ocrx_word' id='word_1_155' title='bbox 1031 2265 1335 2351; x_wconf 86' lang='lat' dir='ltr'>sufragils,</span> <span class='ocrx_word' id='word_1_156' title='bbox 1367 2276 1434 2327; x_wconf 88' lang='lat' dir='ltr'>ut</span> <span class='ocrx_word' id='word_1_157' title='bbox 1453 2289 1814 2329; x_wconf 91' lang='lat' dir='ltr'>communem</span> <span class='ocrx_word' id='word_1_158' title='bbox 1837 2292 2004 2332; x_wconf 85' lang='lat' dir='ltr'>exer-</span> 
     </span>
     <span class='ocr_line' id='line_1_26' title="bbox 23 2349 2005 2439; baseline 0.003 -27"><span class='ocrx_word' id='word_1_159' title='bbox 23 2371 26 2374; x_wconf 83' lang='lat'>·</span> <span class='ocrx_word' id='word_1_160' title='bbox 99 2350 276 2412; x_wconf 90' lang='lat' dir='ltr'>citum</span> <span class='ocrx_word' id='word_1_161' title='bbox 315 2349 638 2437; x_wconf 84' lang='lat' dir='ltr'>judicaret3</span> <span class='ocrx_word' id='word_1_162' title='bbox 702 2349 1112 2415; x_wconf 88' lang='lat' dir='ltr'>dissidentium</span> <span class='ocrx_word' id='word_1_163' title='bbox 1160 2351 1297 2414; x_wconf 90' lang='lat' dir='ltr'>lites</span> <span class='ocrx_word' id='word_1_164' title='bbox 1356 2351 1612 2437; x_wconf 82' lang='lat' dir='ltr'>sopiret3</span> <span class='ocrx_word' id='word_1_165' title='bbox 1675 2352 2005 2439; x_wconf 83' lang='lat' dir='ltr'>castigaret</span> 
     </span>
    </p>
   </div>
   <div class='ocr_carea' id='block_1_19' title="bbox 92 2436 2005 2697">
    <p class='ocr_par' dir='ltr' id='par_1_19' title="bbox 92 2436 2005 2697">
     <span class='ocr_line' id='line_1_27' title="bbox 94 2436 2005 2523; baseline 0.003 -26"><span class='ocrx_word' id='word_1_166' title='bbox 94 2436 616 2512; x_wconf 78' lang='lat' dir='ltr'>malefactoreS,</span> <span class='ocrx_word' id='word_1_167' title='bbox 660 2436 851 2499; x_wconf 86' lang='lat' dir='ltr'>fures</span> <span class='ocrx_word' id='word_1_168' title='bbox 892 2461 968 2499; x_wconf 91' lang='lat' dir='ltr'>ac</span> <span class='ocrx_word' id='word_1_169' title='bbox 1002 2437 1333 2500; x_wconf 69' lang='lat' dir='ltr'>latrones</span> <span class='ocrx_word' id='word_1_170' title='bbox 1401 2439 1588 2523; x_wconf 84' lang='lat' dir='ltr'>Cujus</span> <span class='ocrx_word' id='word_1_171' title='bbox 1631 2451 1831 2501; x_wconf 85' lang='lat' dir='ltr'>tamen</span> <span class='ocrx_word' id='word_1_172' title='bbox 1871 2463 2005 2502; x_wconf 84' lang='lat' dir='ltr'>sen-</span> 
     </span>
     <span class='ocr_line' id='line_1_28' title="bbox 92 2519 2005 2609; baseline 0.001 -25"><span class='ocrx_word' id='word_1_173' title='bbox 92 2521 368 2599; x_wconf 85' lang='lat' dir='ltr'>tentiam,</span> <span class='ocrx_word' id='word_1_174' title='bbox 427 2520 482 2583; x_wconf 92' lang='lat' dir='ltr'>si</span> <span class='ocrx_word' id='word_1_175' title='bbox 529 2519 852 2585; x_wconf 84' lang='lat' dir='ltr'>imoderata</span> <span class='ocrx_word' id='word_1_176' title='bbox 896 2535 1088 2599; x_wconf 90' lang='lat' dir='ltr'>esset,</span> <span class='ocrx_word' id='word_1_177' title='bbox 1148 2523 1552 2585; x_wconf 82' lang='lat' dir='ltr'>Communitas</span> <span class='ocrx_word' id='word_1_178' title='bbox 1598 2525 1909 2609; x_wconf 80' lang='lat' dir='ltr'>(Gyiilles)</span> <span class='ocrx_word' id='word_1_179' title='bbox 1945 2525 2005 2586; x_wconf 91' lang='lat' dir='ltr'>in</span> 
     </span>
     <span class='ocr_line' id='line_1_29' title="bbox 94 2606 2004 2697; baseline 0.003 -29"><span class='ocrx_word' id='word_1_180' title='bbox 94 2606 325 2670; x_wconf 88' lang='lat' dir='ltr'>irritum</span> <span class='ocrx_word' id='word_1_181' title='bbox 368 2618 708 2684; x_wconf 86' lang='lat' dir='ltr'>revocaret,</span> <span class='ocrx_word' id='word_1_182' title='bbox 765 2631 834 2669; x_wconf 90' lang='lat' dir='ltr'>ac</span> <span class='ocrx_word' id='word_1_183' title='bbox 877 2632 982 2695; x_wconf 90' lang='lat' dir='ltr'>pro</span> <span class='ocrx_word' id='word_1_184' title='bbox 1025 2631 1089 2670; x_wconf 90' lang='lat' dir='ltr'>re</span> <span class='ocrx_word' id='word_1_185' title='bbox 1127 2621 1268 2671; x_wconf 90' lang='lat' dir='ltr'>nata</span> <span class='ocrx_word' id='word_1_186' title='bbox 1306 2608 1734 2694; x_wconf 90' lang='lat' dir='ltr'>Magistratum</span> <span class='ocrx_word' id='word_1_187' title='bbox 1774 2633 2004 2697; x_wconf 85' lang='lat' dir='ltr'>quoque</span> 
     </span>
    </p>
   </div>
   <div class='ocr_carea' id='block_1_20' title="bbox 22 2690 639 2782">
    <p class='ocr_par' dir='ltr' id='par_1_20' title="bbox 22 2690 639 2782">
     <span class='ocr_line' id='line_1_30' title="bbox 22 2690 639 2782; baseline 0.002 -29"><span class='ocrx_word' id='word_1_188' title='bbox 22 2778 24 2782; x_wconf 10' lang='grc' dir='ltr'><em>Α</em></span> <span class='ocrx_word' id='word_1_189' title='bbox 92 2690 175 2754; x_wconf 89' lang='lat' dir='ltr'>illi</span> <span class='ocrx_word' id='word_1_190' title='bbox 209 2692 546 2779; x_wconf 83' lang='lat' dir='ltr'>abrogaret.</span> <span class='ocrx_word' id='word_1_191' title='bbox 593 2698 639 2771; x_wconf 87' lang='lat'>1)</span> 
     </span>
    </p>
   </div>
   <div class='ocr_carea' id='block_1_21' title="bbox 0 3553 9 3886">
    <p class='ocr_par' dir='ltr' id='par_1_21' title="bbox 0 3476 9 3886">
     <span class='ocr_line' id='line_1_31' title="bbox 0 3553 7 3666; baseline 0 -23"><span class='ocrx_word' id='word_1_192' title='bbox 0 3553 7 3666; x_wconf 44' lang='lat' dir='ltr'>,f</span> 
     </span>
     <span class='ocr_line' id='line_1_32' title="bbox 0 3668 9 3886; baseline 0 0"><span class='ocrx_word' id='word_1_193' title='bbox 0 3668 9 3886; x_wconf 65' lang='grc' dir='ltr'>*ι</span> 
     </span>
    </p>
   </div>
   <div class='ocr_carea' id='block_1_22' title="bbox 229 2810 1123 2914">
    <p class='ocr_par' dir='ltr' id='par_1_22' title="bbox 229 2810 1123 2914">
     <span class='ocr_line' id='line_1_33' title="bbox 229 2810 1123 2914; baseline 0.004 -17"><span class='ocrx_word' id='word_1_194' title='bbox 229 2850 270 2908; x_wconf 92' lang='lat'>¹)</span> <span class='ocrx_word' id='word_1_195' title='bbox 316 2848 484 2898; x_wconf 90' lang='lat' dir='ltr'>Simon</span> <span class='ocrx_word' id='word_1_196' title='bbox 516 2849 575 2899; x_wconf 86' lang='lat' dir='ltr'>de</span> <span class='ocrx_word' id='word_1_197' title='bbox 602 2810 730 2899; x_wconf 55' lang='lat' dir='ltr'>keza</span> <span class='ocrx_word' id='word_1_198' title='bbox 762 2865 870 2914; x_wconf 86' lang='lat' dir='ltr'>cap.</span> <span class='ocrx_word' id='word_1_199' title='bbox 905 2849 959 2900; x_wconf 89' lang='lat'>11.</span> <span class='ocrx_word' id='word_1_200' title='bbox 1007 2856 1036 2910; x_wconf 62' lang='grc' dir='ltr'><strong>δ</strong></span> <span class='ocrx_word' id='word_1_201' title='bbox 1072 2847 1123 2902; x_wconf 90' lang='lat'>1.</span> 
     </span>
    </p>
   </div>
   <div class='ocr_carea' id='block_1_23' title="bbox 234 2808 413 2815">
    <p class='ocr_par' dir='ltr' id='par_1_23' title="bbox 234 2808 413 2815">
     <span class='ocr_line' id='line_1_34' title="bbox 234 2808 413 2815; baseline 0 0"><span class='ocrx_word' id='word_1_202' title='bbox 234 2808 413 2815; x_wconf 95' lang='lat' dir='ltr'> </span> 
     </span>
    </p>
   </div>
   <div class='ocr_carea' id='block_1_24' title="bbox 417 2809 595 2814">
    <p class='ocr_par' dir='ltr' id='par_1_24' title="bbox 417 2809 595 2814">
     <span class='ocr_line' id='line_1_35' title="bbox 417 2809 595 2814; baseline 0 0"><span class='ocrx_word' id='word_1_203' title='bbox 417 2809 595 2814; x_wconf 95' lang='lat' dir='ltr'> </span> 
     </span>
    </p>
   </div>
   <div class='ocr_carea' id='block_1_25' title="bbox 955 3039 1138 3135">
    <p class='ocr_par' dir='ltr' id='par_1_25' title="bbox 955 3039 1138 3135">
     <span class='ocr_line' id='line_1_36' title="bbox 955 3039 1138 3135; baseline -0.011 -35"><span class='ocrx_word' id='word_1_204' title='bbox 955 3039 998 3117; x_wconf 65' lang='lat' dir='ltr'>g</span> <span class='ocrx_word' id='word_1_205' title='bbox 1039 3042 1138 3135; x_wconf 83' lang='lat'>42.</span> 
     </span>
    </p>
   </div>
   <div class='ocr_carea' id='block_1_26' title="bbox 154 3183 1939 3329">
    <p class='ocr_par' dir='ltr' id='par_1_26' title="bbox 154 3183 1939 3329">
     <span class='ocr_line' id='line_1_37' title="bbox 154 3183 1939 3256; baseline 0.003 -20"><span class='ocrx_word' id='word_1_206' title='bbox 154 3183 310 3250; x_wconf 84' lang='lat' dir='ltr'>quod</span> <span class='ocrx_word' id='word_1_207' title='bbox 357 3203 383 3237; x_wconf 82' lang='lat' dir='ltr'>a</span> <span class='ocrx_word' id='word_1_208' title='bbox 431 3186 568 3239; x_wconf 83' lang='lat' dir='ltr'>fatis</span> <span class='ocrx_word' id='word_1_209' title='bbox 617 3188 835 3256; x_wconf 83' lang='lat' dir='ltr'>Geyzae</span> <span class='ocrx_word' id='word_1_210' title='bbox 882 3189 1060 3243; x_wconf 88' lang='lat' dir='ltr'>Ducis</span> <span class='ocrx_word' id='word_1_211' title='bbox 1108 3193 1479 3253; x_wconf 84' lang='lat' dir='ltr'>restrictum,</span> <span class='ocrx_word' id='word_1_212' title='bbox 1538 3207 1650 3242; x_wconf 91' lang='lat' dir='ltr'>non</span> <span class='ocrx_word' id='word_1_213' title='bbox 1699 3190 1939 3255; x_wconf 82' lang='lat' dir='ltr'>penitus</span> 
     </span>
     <span class='ocr_line' id='line_1_38' title="bbox 821 3277 1266 3329; baseline 0.007 -3"><span class='ocrx_word' id='word_1_214' title='bbox 821 3277 1109 3328; x_wconf 87' lang='lat' dir='ltr'>sublatum</span> <span class='ocrx_word' id='word_1_215' title='bbox 1161 3286 1266 3329; x_wconf 88' lang='lat' dir='ltr'>est.</span> 
     </span>
    </p>
   </div>
   <div class='ocr_carea' id='block_1_27' title="bbox 95 3419 1998 3655">
    <p class='ocr_par' dir='ltr' id='par_1_27' title="bbox 95 3419 1998 3655">
     <span class='ocr_line' id='line_1_39' title="bbox 218 3419 1998 3513; baseline 0.003 -30"><span class='ocrx_word' id='word_1_216' title='bbox 218 3425 220 3428; x_wconf 72' lang='grc'>’</span> <span class='ocrx_word' id='word_1_217' title='bbox 262 3419 468 3485; x_wconf 85' lang='lat' dir='ltr'>Simon</span> <span class='ocrx_word' id='word_1_218' title='bbox 505 3421 575 3486; x_wconf 86' lang='lat' dir='ltr'>de</span> <span class='ocrx_word' id='word_1_219' title='bbox 610 3425 810 3500; x_wconf 83' lang='lat' dir='ltr'>Keza,</span> <span class='ocrx_word' id='word_1_220' title='bbox 848 3424 1030 3510; x_wconf 89' lang='lat' dir='ltr'>etqui</span> <span class='ocrx_word' id='word_1_221' title='bbox 1060 3422 1218 3488; x_wconf 90' lang='lat' dir='ltr'>hunc</span> <span class='ocrx_word' id='word_1_222' title='bbox 1241 3425 1715 3513; x_wconf 84' lang='lat' dir='ltr'>exscripserunt,</span> <span class='ocrx_word' id='word_1_223' title='bbox 1751 3422 1998 3488; x_wconf 75' lang='lat' dir='ltr'>chrono-</span> 
     </span>
     <span class='ocr_line' id='line_1_40' title="bbox 95 3506 1997 3628; baseline 0.004 -62"><span class='ocrx_word' id='word_1_224' title='bbox 95 3506 303 3591; x_wconf 79' lang='lat' dir='ltr'>graphi</span> <span class='ocrx_word' id='word_1_225' title='bbox 344 3509 768 3593; x_wconf 83' lang='lat' dir='ltr'>Magistratum</span> <span class='ocrx_word' id='word_1_226' title='bbox 810 3507 966 3571; x_wconf 91' lang='lat' dir='ltr'>hunc</span> <span class='ocrx_word' id='word_1_227' title='bbox 1003 3508 1074 3572; x_wconf 89' lang='lat' dir='ltr'>ab</span> <span class='ocrx_word' id='word_1_228' title='bbox 1123 3510 1285 3573; x_wconf 87' lang='lat' dir='ltr'>obitu</span> <span class='ocrx_word' id='word_1_229' title='bbox 1321 3516 1564 3596; x_wconf 78' lang='lat' dir='ltr'>Geyzae</span> <span class='ocrx_word' id='word_1_230' title='bbox 1602 3508 1820 3628; x_wconf 55' lang='lat' dir='ltr'>dpsiise</span> <span class='ocrx_word' id='word_1_231' title='bbox 1850 3511 1997 3573; x_wconf 86' lang='lat' dir='ltr'>refe—</span> 
     </span>
     <span class='ocr_line' id='line_1_41' title="bbox 1549 3604 1620 3655; baseline 0 0"><span class='ocrx_word' id='word_1_232' title='bbox 1549 3604 1620 3655; x_wconf 87' lang='grc'>10</span> 
     </span>
    </p>
   </div>
  </div>
 </body>
</html>
