2384 3886
0 235 11 275 4
1861 194 1982 252 355

0 280 12 424 i
85 337 253 416 Quod
297 341 424 423 ejus
469 338 794 424 exemplum
825 339 1026 419 Reges
1064 336 1366 417 deinde,2)
1411 336 1739 423 privatique
1773 335 1834 397 in
1865 358 1983 398 ma-

0 446 5 491 1;
75 427 241 510 jores
281 424 403 486 nati
447 423 714 485 fortunas
754 419 962 483 imitati
1007 435 1174 494 sunt3
1235 445 1369 484 nam
1415 422 1595 485 ceteri
1636 444 1824 499 arma,
1869 443 1985 483 non

0 556 4 589 5
83 508 204 572 ritu
252 509 444 594 aliquo
493 506 755 594 publico,
810 505 916 568 sed
969 526 1099 568 cum
1142 506 1200 567 id
1246 508 1458 570 aetatis
1513 519 1746 584 essent,
1791 506 1985 594 prisco

85 596 333 657 Patrum
369 614 557 669 more,
596 614 706 654 sua
736 589 850 678 ipsi
884 612 1059 652 manu
1090 606 1447 656 sumserunt.

218 746 270 815 2)
317 747 468 812 Geyza
499 747 559 796 ΙΙ.
605 744 697 813 (ita
729 745 842 796 Otto
874 743 1112 813 Frising.]
1155 746 1304 795 altera
1334 747 1410 796 die
1441 747 1490 796 in
1521 747 1767 811 praedicto
1801 747 1984 813 Campo

84 833 145 883 ad
185 816 444 898 quamdam
482 832 691 896 ligneam
729 830 970 881 Eclesiam
1008 831 1218 892 accedit,
1259 831 1422 897 ibique
1462 831 1519 880 ab
1557 832 1814 897 Episcopis
1847 829 1985 903 (nam

0 917 6 945 '
87 933 304 983 eousque
334 917 385 966 in
415 917 683 982 puerilibus
714 917 855 966 annis
884 916 1075 983 positus
1105 932 1205 966 non
1237 917 1352 967 dum
1382 917 1583 967 militem
1613 915 1860 985 induerat)
1902 934 1990 968 ac·-

88 1010 228 1068 cepta
259 1002 546 1053 sacerdotali
575 1002 916 1052 benedictione
946 1002 1006 1052 ad
1036 1002 1131 1051 hoc
1161 1002 1381 1072 instituta
1411 1002 1558 1052 armis
1590 1001 1872 1067 accingit-ur.

924 1198 967 1274 ς
1014 1199 1151 1257 160.

763 1350 1004 1401 uberius
1035 1349 1315 1399 excoluit.

259 1496 432 1560 Alias
466 1521 556 1560 me
594 1498 788 1562 dicere
833 1497 1069 1560 memini
1104 1497 1155 1561 d.
1189 1495 1555 1583 Stephanum
1581 1495 1858 1583 quidquid
1883 1496 1992 1559 suit

89 1581 270 1645 moris
292 1582 452 1661 aviti,
486 1582 641 1670 quod
671 1582 938 1670 componi
962 1606 1091 1646 cum
1111 1581 1401 1668 religione
1432 1605 1602 1644 sacro
1635 1595 1840 1645 sancta
1857 1605 1991 1668 pos-

0 1723 12 1754 z·
90 1678 214 1744 set,
259 1668 427 1755 integ
504 1692 559 1730 m
605 1681 664 1732 et
692 1669 978 1732 illibatum
1029 1691 1324 1731 servasse.
1368 1670 1506 1731 Jam
1549 1667 1691 1730 illud
1725 1680 1991 1753 apertum

10 1782 13 1783 ⁷
89 1753 352 1839 profecto
385 1693 502 1828 eal:
553 1753 615 1816 in
652 1778 718 1818 re
760 1754 1030 1830 militari,
1088 1753 1175 1816 uti
1209 1753 1353 1816 haec
1389 1752 1620 1840 Arpadi
1673 1753 1994 1816 constituta

0 1855 5 1890 ·2
92 1838 372 1925 auspiciis
409 1839 550 1916 fuit,
596 1839 739 1902 nihil
780 1863 848 1904 eo
880 1842 1051 1925 Rege
1086 1852 1394 1912 novatum3
1441 1838 1544 1903 sed
1596 1838 1876 1924 quaedam
1918 1861 1990 1900 ex

0 1948 7 1997 ς
88 1923 418 1987 rationibus
457 1923 724 1988 conditae
763 1923 1148 1989 Monarchiae
1185 1923 1410 2001 addita,
1450 1947 1599 2010 quae
1631 1926 1835 2010 paucis
1861 1947 1992 2010 per—

92 2031 330 2073 currere
363 2010 543 2074 lubet.

923 2202 965 2278 g
1011 2165 1170 2260 161.Ι

394 2353 472 2404 De
510 2354 878 2420 obligatione
916 2352 1212 2403 militandi
1253 2352 1687 2424 praelatorum,

260 2504 333 2564 In
372 2499 749 2588 disponendis
781 2502 980 2565 Curiis
1008 2501 1437 2588 Episcoporum
1468 2510 1527 2562 et
1559 2500 1988 2576 Praelatorum,

92 2585 370 2674 providit,
417 2600 483 2650 ut
515 2586 575 2649 hi
614 2601 735 2651 tam
773 2600 1019 2674 genteS,
1065 2610 1227 2649 more
1258 2585 1549 2649 Comitum
1581 2584 1988 2647 Dominorum—

93 2695 205 2758 que
258 2673 531 2749 aliorum,
593 2696 766 2760 quam
815 2673 888 2736 ad
935 2671 1371 2735 similitudinem
1410 2670 1671 2755 Regiae,
1726 2670 1987 2737 Comites

24 2764 25 2767 ’
91 2757 388 2836 Curiales,
426 2758 642 2822 milites
672 2757 883 2845 quippe
914 2757 1198 2821 haherent
1219 2755 1359 2842 „qui
1389 2755 1441 2817 si
1468 2756 1618 2818 forte
1651 2755 1708 2818 in
1742 2755 1987 2841 regione

91 2843 460 2908 suboriretur
491 2844 702 2927 seditio
720 2893 734 2920 ,
781 2845 852 2907 ad
882 2841 1250 2919 monasterii,
1279 2853 1502 2904 armata
1522 2863 1695 2904 manu
1719 2842 1986 2904 accurre-

18 2999 26 3002 ,
89 2941 224 2992 rent
256 2929 582 2993 custodiam
612 2942 671 2994 et
709 2930 985 2993 Praelato
1011 2927 1275 3014 regalem
1297 2925 1561 2989 visitanti
1591 2926 1986 3014 praesentiam

92 3026 256 3078 certo
296 3039 539 3080 numero
579 3028 818 3104 praesto
863 3026 1123 3078 essent“.
1162 3021 1207 3094 ¹)
1266 3017 1394 3076 Hos
1430 3036 1463 3075 a
1504 3011 1986 3075 ministerialibus

229 3172 272 3230 ¹)
318 3169 440 3220 Cod.
458 3170 598 3237 Dipl.
624 3172 661 3221 Ι.
701 3187 751 3236 p.
787 3168 927 3222 296.
973 3171 1114 3222 Plura
1143 3170 1248 3222 vide
1278 3170 1327 3220 in
1356 3167 1741 3234 praeclarissima
1770 3166 1987 3217 Michae-

0 3245 3 3305 ᾖ
92 3254 151 3303 lis
197 3254 410 3304 Horvath
449 3255 813 3315 dissertatione,
864 3271 1006 3321 quam
1046 3271 1071 3304 a
1110 3269 1304 3320 magyar
1342 3255 1475 3303 honn
1507 3252 1719 3302 vedelem
1758 3253 1984 3302 torteneti

0 3328 6 3370 ’ἕ
60 3384 63 3385 ⁷
91 3339 294 3401 vanata,
335 3339 586 3405 inscripsit
622 3341 715 3390 vol.
747 3340 823 3390 VI.
855 3340 1023 3390 Annal.
1058 3338 1196 3393 erud.
1229 3340 1341 3390 Soc.
1376 3339 1535 3402 Hung.
1570 3337 1744 3387 editam
1777 3353 1826 3402 p.
1863 3333 1980 3387 310

92 3431 141 3475 et
176 3439 314 3490 seqq.
353 3431 458 3475 tum
497 3425 555 3475 ab
604 3425 695 3476 alta
727 3424 1021 3485 eruditione,
1065 3431 1166 3474 tum
1202 3423 1356 3474 Attica
1396 3423 1601 3488 quadam
1640 3417 1756 3487 styli
1792 3423 1988 3488 hunga-

62 3510 177 3581 *rici
207 3510 447 3575 insignem
477 3510 643 3575 gratia.

1535 3587 1655 3642 23*
