2384 3886
1831 198 1952 254 143

6 358 21 426 J·
59 359 488 486 ⁰⁰¹¹⁸e¹ff1⁸⁰ss¹¹s
566 336 800 422 legibus
847 335 940 397 his
987 336 1038 399 d.
1089 336 1351 401 Ladislai
1412 360 1563 402 novo
1604 338 1834 401 firmata
1863 349 1960 399 est

57 445 252 509 praes1
293 446 365 485 lo.

245 660 306 718 6.
351 656 452 718 De
488 657 836 737 praecipuo
884 654 1112 738 Maym‘
1151 657 1475 737 Principis
1526 658 1765 740 Officio.

912 847 1096 923 §aa
1169 815 1174 818 ’

238 999 484 1059 Primas‚
521 999 996 1065 novissimasque
1031 999 1091 1048 in
1116 994 1273 1049 bello
1310 1006 1513 1065 partes
1548 998 1779 1060 habuit,

224 1163 540 1228 Exercitus
573 1163 783 1242 DuciS‚
829 1176 892 1228 ut
931 1163 1248 1252 praecedat
1274 1164 1529 1252 reliquas
1558 1164 1777 1252 copias,
1821 1163 1959 1228 has«

60 1275 174 1338 que
245 1250 656 1337 regredientes
721 1263 1039 1335 sequatur,
1111 1274 1241 1314 mos
1299 1249 1487 1313 adhuc
1552 1250 1662 1312 fuit
1716 1273 1959 1314 consve-

55 1337 283 1414 tudine‚
319 1343 366 1417 1)
433 1335 708 1424 deinceps
743 1335 879 1400 inde
916 1336 989 1399 ab
1030 1348 1225 1399 aetate
1266 1335 1498 1422 Arpadi
1540 1336 1961 1401 constitutione

57 1444 283 1509 quoque
318 1421 550 1509 publica
583 1421 641 1483 in
696 1445 865 1484 omne
909 1421 1230 1510 aprohatus
1279 1444 1520 1497 aevum,
1579 1445 1692 1507 quo
1739 1422 1961 1484 securi-

55 1507 198 1571 tatis
248 1519 528 1571 externae
567 1531 708 1569 cura
753 1508 940 1585 Daci,
996 1507 1151 1593 Regi
1194 1506 1400 1570 deinde
1443 1507 1786 1583 commissa,
1831 1510 1959 1593 jac-

55 1605 293 1679 tumque
314 1606 633 1681 perpetuae
662 1591 842 1677 hujus
876 1592 1030 1679 apud
1061 1616 1171 1656 nos
1193 1593 1349 1679 legis
1380 1591 1816 1655 fundamentum
1847 1605 1960 1669 est,

55 1691 123 1742 ut
157 1679 456 1765 generalis
490 1679 786 1742 exercitus
814 1679 990 1765 regni
1020 1678 1515 1759 (Insurectionem
1538 1677 1811 1758 dicimus)
1843 1702 1958 1740 non

56 1777 192 1827 ante
220 1765 281 1827 in
312 1762 544 1828 hostem
579 1777 869 1841 moveret,
917 1753 1089 1850 qilam
1120 1764 1321 1852 copiae
1348 1763 1554 1850 regiae
1584 1763 1743 1826 vires
1777 1764 1959 1827 fortu-

18 1845 24 1857 “
55 1874 305 1937 namque
339 1873 507 1912 suam
538 1850 964 1936 experirentur.
1003 1856 1054 1931 2)

192 2067 235 2128 1)
278 2065 470 2116 Almum
508 2066 628 2117 haee
659 2067 762 2133 jam
795 2067 845 2117 in
876 2073 1036 2117 vetere
1068 2067 1127 2117 ad
1164 2067 1324 2137 Dontc'i
1362 2066 1517 2133 patria
1547 2065 1847 2131 praestitisse
1880 2064 1961 2114 Si-

55 2166 169 2201 mon
201 2151 259 2201 de
289 2151 414 2201 Keza
441 2152 475 2201 l.
507 2152 568 2202 II.
604 2169 648 2202 c.
687 2150 739 2202 1.
779 2153 930 2203 Thur.
969 2153 1022 2202 P.
1070 2153 1131 2202 ΙΙ.
1171 2169 1214 2203 c.
1257 2149 1310 2203 3.
1351 2153 1564 2202 tradunt.

187 2238 233 2298 2)
278 2236 420 2287 Decr.
459 2238 513 2287 V.
549 2236 743 2303 Sigism.
782 2245 873 2288 art.
915 2237 969 2288 2.
1008 2238 1185 2288 Alherti
1221 2215 1311 2288 art.
1355 2234 1409 2288 3.
1449 2237 1562 2287 anni
1603 2252 1753 2302 porro
1799 2229 1957 2284 1458

27 2327 146 2393 hart.
188 2319 243 2372 2.
282 2322 389 2372 Huc
423 2323 537 2373 facit
569 2323 713 2373 etiam
747 2324 1042 2386 institutum,
1091 2340 1148 2373 ex
1177 2340 1272 2389 quo
1302 2324 1342 2373 si
1370 2324 1488 2384 Rex,
1536 2329 1618 2372 aut
1645 2321 1790 2387 jussu
1826 2321 1960 2385 regio

9 2470 14 2480 Α
57 2405 298 2458 Palatinus
323 2408 372 2457 in
398 2407 526 2457 bello
567 2410 796 2459 adversus
830 2410 1024 2460 hostem
1059 2410 1503 2475 proficiscerentur,
1550 2407 1670 2458 Bani
1697 2406 1961 2472 Vajvodae-

59 2507 151 2556 que
179 2493 345 2557 copias
371 2493 529 2557 regias
559 2510 670 2544 cum
698 2511 786 2544 suo
818 2495 967 2544 milite
998 2495 1232 2558 educere;
1274 2495 1561 2560 prioresque
1595 2508 1808 2558 pugnam
1836 2492 1959 2541 inire

3 2608 8 2618 .
59 2577 364 2639 tenebantur,
412 2578 585 2629 Franc.
625 2580 680 2630 C.
719 2580 939 2646 Forgach
977 2581 1201 2631 Coment.
1240 2580 1274 2630 l.
1314 2581 1389 2630 IV.
1422 2596 1472 2645 p.
1518 2575 1654 2629 153.

914 2806 955 2883 ς
1000 2809 1097 2866 36.

615 2975 768 3041 quod
811 2981 1004 3025 manet
1048 2974 1387 3025 etiamnum.

10 3233 11 3236 Ἴ
227 3152 432 3237 Atque
461 3148 573 3216 hoc
603 3150 968 3240 Sigmuudus
1001 3155 1162 3230 Rex,
1205 3175 1376 3239 quem
1399 3150 1471 3214 ab
1498 3148 1709 3214 eximia
1742 3147 1963 3237 prisca-

61 3257 192 3297 rum
234 3239 372 3300 Hun
423 3236 605 3300 ariae‘
628 3237 1114 3302 consuetudinum
1150 3238 1361 3326 peritia
1378 3241 1504 3323 jam
1529 3236 1676 3299 alias
1707 3234 1963 3298 laudavi-

64 3341 223 3398 m*uS‚
280 3259 764 3409 laudabimusque
812 3323 1081 3411 saepius=‚
1126 3322 1185 3386 in
1250 3324 1493 3411 praefat.
1573 3319 1818 3400 Decreti
1873 3319 1965 3383 sui

66 3406 251 3491 quinti
281 3413 323 3488 §
357 3417 411 3471 1.
438 3407 741 3472 debitum
772 3408 1040 3506 regale,
1087 3407 1411 3473 Officium
1446 3406 1817 3491 dignitatis
1859 3430 1963 3469 re-

65 3491 256 3576 giae,
280 3493 452 3581 plane
474 3505 547 3556 ex
570 3493 980 3581 antiunsfflma
994 3492 1103 3556 hac
1116 3495 1317 3581 gentis
1342 3490 1761 3557 constitutione
1775 3503 1962 3555 vocat.
