2384 3886
394 253 396 256 v
410 215 533 272 332

410 352 563 415 enim
592 352 746 413 ultra
778 350 1016 412 novatio
1049 349 1194 412 haec
1222 349 1439 431 tenuit)
1464 351 1854 436 Magistratui
1882 352 1966 414 illi
1993 377 2145 416 unus
2174 354 2314 426 dun-

408 447 575 498 taxat
607 434 1215 521 praefuitrordinaria,
1259 436 1550 523 plenaque
1579 449 1895 522 potestate.
1951 440 2149 523 Hujus
2187 453 2317 514 erat

407 542 684 582 coercere
715 521 1038 606 portitores
1074 521 1276 597 etiam,
1325 521 1423 607 qui
1465 521 1858 607 vectigalibus
1889 521 2107 608 iniquis
2147 524 2314 602 itine-

406 617 609 667 rantes
658 618 1016 683 vexassent,
1074 629 1143 668 ac
1188 606 1437 694 primum
1485 607 1718 692 quidem
1770 607 2167 694 pecuniariam
2218 609 2317 672 'his

405 690 679 754 mulctam
722 690 1029 777 irrogare,
1076 692 1169 754 sin
1204 693 1368 754 fraus
1396 696 1458 754 in
1497 692 1982 766 consuetudinem
2018 693 2318 777 vertisset,

404 774 629 853 villam,
664 799 815 862 quae
841 776 929 859 sic
949 776 1140 841 instar
1170 777 1435 865 spoliarii
1461 778 1692 841 Civium
1719 778 1855 857 suit,
1894 778 2247 866 abjudicare.
2270 788 2317 860 ¹)

523 1023 583 1085 ΔΙ)
628 1021 697 1070 De
736 1036 872 1070 more
910 1028 956 1070 et
994 1022 1214 1086 exemplo
1245 1021 1486 1086 Majorum
1519 1025 1926 1088 „possessionem
1957 1025 2167 1075 similem
2199 1042 2312 1076 cum

403 1106 586 1157 tributo
618 1106 842 1156 manibus
872 1106 1036 1171 Regiis
1073 1108 1437 1158 confiscandam
1476 1114 1525 1157 et
1557 1125 1648 1173 per
1672 1109 1939 1159 Palatinum
1965 1111 2309 1175 aplicandam⁶‘

405 1192 616 1241 decrevit
645 1191 919 1240 Ludovicus
951 1191 1226 1256 privilegio,
1269 1193 1400 1257 quod
1431 1193 1727 1259 Hansgravio
1759 1195 1955 1245 Rectori
1985 1203 2311 1247 mercatorum

404 1277 464 1326 de
494 1277 672 1326 Vienna
698 1283 746 1326 ct
762 1276 954 1326 Austria
990 1293 1034 1326 a.
1073 1273 1230 1327 1360
1273 1278 1503 1341 contulit3
1538 1279 1807 1344 adjiciendo
1833 1281 2111 1346 sequentia:
2145 1289 2313 1333 nostra

403 1368 565 1412 autem
603 1362 783 1412 tributa
821 1371 1168 1412 conservantes
1205 1364 1494 1428 (portitores
1532 1365 1692 1430 Regii)
1732 1365 2003 1416 honoribus
2050 1367 2152 1417 suis
2192 1384 2313 1434 spo-

404 1447 606 1508 lientur,
655 1455 703 1497 et
739 1454 987 1514 tamquam
1024 1456 1416 1514 transgressores
1455 1451 1794 1502 mandatorum
1831 1452 2066 1517 regalium
2096 1453 2310 1518 punian—

405 1539 486 1583 tur
514 1549 605 1599 per
633 1533 979 1584 Palatinum.

404 1786 461 1841 3.
506 1780 607 1841 De
653 1779 912 1842 ceteris
959 1782 1342 1843 Causarum
1386 1781 1785 1868 speciebus,
1834 1806 2007 1869 quae
2050 1785 2354 1846 Comite'

632 1953 639 1957 ,-
726 1880 1052 1944 Palatino
1084 1881 1350 1958 ,Iudice
1397 1881 1997 1968 disceptabantur.

1201 2086 1279 2162 ,g
1325 2089 1465 2145 133.

951 2254 1193 2304 fuerunt
1229 2253 1335 2303 hae
1373 2254 1773 2321 multiplices:

573 2418 642 2476 ln
698 2437 926 2477 summa
979 2415 1064 2479 ita
1101 2416 1275 2479 velim
1319 2416 1654 2482 existimes:
1707 2418 1930 2482 nullum
1979 2421 2316 2494 Causarum

407 2499 594 2563 fuisse
621 2524 848 2585 genuS,
896 2502 1082 2587 quod,
1127 2502 1243 2564 nisi
1279 2504 1376 2566 lex
1408 2516 1509 2566 aut
1541 2503 1916 2602 privilegium
1954 2505 2314 2592 prohiberet,

406 2609 604 2649 coram
655 2586 884 2651 Comite
940 2588 1246 2666 Palatin0,
1303 2589 1465 2652 velut
1516 2589 1705 2653 omnis
1764 2593 2012 2678 injuriae
2065 2591 2313 2669 vindice,

404 2672 719 2734 adversum
747 2672 997 2751 milites,
1045 2673 1427 2762 ordinemque
1458 2688 1795 2761 equestrem
1832 2677 1991 2741 nullo
2020 2701 2138 2741 non
2167 2691 2314 2750 tem-

404 2780 582 2843 pore,
628 2770 765 2843 post
796 2781 1013 2825 annum
1041 2782 1183 2823 vero
1220 2769 1382 2823 1222
1413 2760 1589 2826 etiam
1619 2774 1826 2826 contra
1861 2764 2154 2841 Comites,
2199 2767 2313 2828 Re-

405 2841 686 2928 giumque
723 2842 867 2908 adeo
900 2844 1141 2908 Fiscum
1182 2845 1443 2931 legitime
1479 2847 1691 2933 peragi
1723 2870 1839 2910 non
1870 2862 2093 2935 posset.
2138 2850 2314 2915 Illum

404 2926 801 3013 gravissimas,
820 2928 911 2994 'de
943 2934 1079 3017 jure
1120 2931 1504 3017 gentilitatis,
1550 2931 1924 3020 diversisque
1960 2934 2313 2999 conditionis

396 3012 595 3075 ,civilis
654 3013 942 3099 gradibus
989 3015 1367 3101 quaestiones
1419 3015 1760 3096 diremisse,
1823 3031 1884 3081 et
1934 3044 2051 3107 pro
2084 3020 2314 3085 ratione

404 3111 732 3186 temporum
762 3100 1015 3178 illorum,
1046 3124 1195 3187 quae
1219 3103 1374 3166 inter
1403 3102 1645 3188 negotia
1674 3103 1915 3191 politica
1938 3118 1998 3169 et
2022 3108 2313 3170 Praetore

408 3197 649 3248 auctore
685 3185 974 3270 gerenda,
1019 3187 1241 3249 nullum
1279 3201 1564 3252 noverant
1596 3188 1940 3268 discrimen,
1986 3203 2048 3254 et
2075 3191 2222 3255 haec
2251 3203 2312 3254 et

405 3269 505 3332 illa
537 3270 597 3332 in
630 3271 1215 3358 Congregationibus
1256 3274 1405 3336 suis
1434 3286 1731 3337 tractasse
1756 3276 2119 3363 promiscue3
2156 3274 2311 3364 quod

407 3354 479 3418 de
517 3355 610 3422 his
650 3357 790 3421 item
843 3382 990 3444 quae
1029 3370 1137 3421 art.
1166 3362 1210 3420 l.
1243 3360 1450 3423 Bullae
1477 3384 1692 3424 aureae
1717 3385 1767 3425 a.
1793 3369 1956 3425 1222
1994 3361 2304 3449 quotannis

408 3439 482 3536 ad
530 3441 676 3504 diem
720 3442 772 3504 d.
809 3443 1114 3532 Stephano
1146 3468 1379 3512 sacrum
1415 3444 1717 3510 habendae
1746 3446 2170 3523 decernuntur,
2214 3446 2304 3510 vel
2344 3504 2346 3509 .

408 3526 673 3611 inprimis
708 3539 882 3591 tenet.
