<?xml version="1.0" encoding="UTF-8"?>
<!DOCTYPE html PUBLIC "-//W3C//DTD XHTML 1.0 Transitional//EN"
    "http://www.w3.org/TR/xhtml1/DTD/xhtml1-transitional.dtd">
<html xmlns="http://www.w3.org/1999/xhtml" xml:lang="en" lang="en">
 <head>
  <title>
</title>
<meta http-equiv="Content-Type" content="text/html;charset=utf-8" />
  <meta name='ocr-system' content='tesseract 3.04.00' />
  <meta name='ocr-capabilities' content='ocr_page ocr_carea ocr_par ocr_line ocrx_word'/>
</head>
<body>
  <div class='ocr_page' id='page_1' title='image "./commentariorumad01bart_0178.png"; bbox 0 0 2384 3886; ppageno 0'>
   <div class='ocr_carea' id='block_1_1' title="bbox 412 155 535 214">
    <p class='ocr_par' dir='ltr' id='par_1_1' title="bbox 412 155 535 214">
     <span class='ocr_line' id='line_1_1' title="bbox 412 155 535 214; baseline 0.016 -2"><span class='ocrx_word' id='word_1_1' title='bbox 412 155 535 214; x_wconf 79' lang='lat'>170</span> 
     </span>
    </p>
   </div>
   <div class='ocr_carea' id='block_1_2' title="bbox 403 291 2324 981">
    <p class='ocr_par' dir='ltr' id='par_1_2' title="bbox 403 291 2324 981">
     <span class='ocr_line' id='line_1_2' title="bbox 408 291 2319 380; baseline 0.004 -25"><span class='ocrx_word' id='word_1_2' title='bbox 408 315 551 378; x_wconf 83' lang='lat' dir='ltr'>gum</span> <span class='ocrx_word' id='word_1_3' title='bbox 599 316 771 355; x_wconf 93' lang='lat' dir='ltr'>suum</span> <span class='ocrx_word' id='word_1_4' title='bbox 811 305 1017 355; x_wconf 91' lang='lat' dir='ltr'>tenero</span> <span class='ocrx_word' id='word_1_5' title='bbox 1064 291 1254 355; x_wconf 88' lang='lat' dir='ltr'>adhuc</span> <span class='ocrx_word' id='word_1_6' title='bbox 1284 295 1520 380; x_wconf 89' lang='lat' dir='ltr'>penitus</span> <span class='ocrx_word' id='word_1_7' title='bbox 1560 296 1770 372; x_wconf 89' lang='lat' dir='ltr'>insita,</span> <span class='ocrx_word' id='word_1_8' title='bbox 1818 309 1878 359; x_wconf 91' lang='lat' dir='ltr'>et</span> <span class='ocrx_word' id='word_1_9' title='bbox 1915 298 2178 361; x_wconf 84' lang='lat' dir='ltr'>solennis</span> <span class='ocrx_word' id='word_1_10' title='bbox 2215 300 2319 361; x_wconf 91' lang='lat' dir='ltr'>im-</span> 
     </span>
     <span class='ocr_line' id='line_1_3' title="bbox 405 377 2319 466; baseline 0.005 -28"><span class='ocrx_word' id='word_1_11' title='bbox 405 377 664 462; x_wconf 91' lang='lat' dir='ltr'>pellebat</span> <span class='ocrx_word' id='word_1_12' title='bbox 697 377 971 464; x_wconf 89' lang='lat' dir='ltr'>sponsio,</span> <span class='ocrx_word' id='word_1_13' title='bbox 1018 381 1186 464; x_wconf 90' lang='lat' dir='ltr'>cujus</span> <span class='ocrx_word' id='word_1_14' title='bbox 1221 379 1551 443; x_wconf 90' lang='lat' dir='ltr'>conditione</span> <span class='ocrx_word' id='word_1_15' title='bbox 1585 382 1815 466; x_wconf 83' lang='lat' dir='ltr'>Gysela</span> <span class='ocrx_word' id='word_1_16' title='bbox 1849 383 2096 445; x_wconf 88' lang='lat' dir='ltr'>Henrici</span> <span class='ocrx_word' id='word_1_17' title='bbox 2131 384 2319 447; x_wconf 89' lang='lat' dir='ltr'>Ducis</span> 
     </span>
     <span class='ocr_line' id='line_1_4' title="bbox 405 463 2320 556; baseline 0.005 -33"><span class='ocrx_word' id='word_1_18' title='bbox 405 463 724 539; x_wconf 86' lang='lat' dir='ltr'>Bavariae,</span> <span class='ocrx_word' id='word_1_19' title='bbox 769 475 983 549; x_wconf 88' lang='lat' dir='ltr'>postea</span> <span class='ocrx_word' id='word_1_20' title='bbox 1012 464 1324 542; x_wconf 77' lang='lat' dir='ltr'>CaesariS,</span> <span class='ocrx_word' id='word_1_21' title='bbox 1362 478 1422 529; x_wconf 92' lang='lat' dir='ltr'>et</span> <span class='ocrx_word' id='word_1_22' title='bbox 1459 466 1759 529; x_wconf 91' lang='lat' dir='ltr'>Brunonis</span> <span class='ocrx_word' id='word_1_23' title='bbox 1794 467 2077 554; x_wconf 82' lang='lat' dir='ltr'>Episcopi</span> <span class='ocrx_word' id='word_1_24' title='bbox 2098 471 2320 556; x_wconf 83' lang='lat' dir='ltr'>Augu-</span> 
     </span>
     <span class='ocr_line' id='line_1_5' title="bbox 407 546 2319 640; baseline 0.005 -31"><span class='ocrx_word' id='word_1_25' title='bbox 407 546 564 609; x_wconf 87' lang='lat' dir='ltr'>stani</span> <span class='ocrx_word' id='word_1_26' title='bbox 602 571 802 625; x_wconf 90' lang='lat' dir='ltr'>soror,</span> <span class='ocrx_word' id='word_1_27' title='bbox 855 572 964 635; x_wconf 91' lang='lat' dir='ltr'>per</span> <span class='ocrx_word' id='word_1_28' title='bbox 1006 552 1275 627; x_wconf 88' lang='lat' dir='ltr'>Patrem,</span> <span class='ocrx_word' id='word_1_29' title='bbox 1331 552 1571 615; x_wconf 89' lang='lat' dir='ltr'>Ottonis</span> <span class='ocrx_word' id='word_1_30' title='bbox 1615 553 2001 639; x_wconf 86' lang='lat' dir='ltr'>Imperatoris</span> <span class='ocrx_word' id='word_1_31' title='bbox 2044 568 2319 640; x_wconf 82' lang='lat' dir='ltr'>cognata,</span> 
     </span>
     <span class='ocr_line' id='line_1_6' title="bbox 407 632 2321 724; baseline 0.005 -31"><span class='ocrx_word' id='word_1_32' title='bbox 407 655 475 695; x_wconf 92' lang='lat' dir='ltr'>se</span> <span class='ocrx_word' id='word_1_33' title='bbox 526 632 579 696; x_wconf 93' lang='lat' dir='ltr'>ei</span> <span class='ocrx_word' id='word_1_34' title='bbox 639 637 952 720; x_wconf 85' lang='lat' dir='ltr'>conjugem</span> <span class='ocrx_word' id='word_1_35' title='bbox 988 633 1160 699; x_wconf 80' lang='lat' dir='ltr'><strong>dedit.</strong></span> <span class='ocrx_word' id='word_1_36' title='bbox 1225 639 1370 699; x_wconf 83' lang='lat' dir='ltr'>Mox</span> <span class='ocrx_word' id='word_1_37' title='bbox 1423 638 1640 723; x_wconf 83' lang='lat' dir='ltr'>igitur,</span> <span class='ocrx_word' id='word_1_38' title='bbox 1709 650 1887 724; x_wconf 87' lang='lat' dir='ltr'>atque</span> <span class='ocrx_word' id='word_1_39' title='bbox 1939 640 2168 702; x_wconf 87' lang='lat' dir='ltr'>clavum</span> <span class='ocrx_word' id='word_1_40' title='bbox 2207 640 2321 703; x_wconf 91' lang='lat' dir='ltr'>rei-</span> 
     </span>
     <span class='ocr_line' id='line_1_7' title="bbox 403 717 2322 810; baseline 0.004 -31"><span class='ocrx_word' id='word_1_41' title='bbox 403 717 674 804; x_wconf 79' lang='lat' dir='ltr'>publicae</span> <span class='ocrx_word' id='word_1_42' title='bbox 705 742 740 781; x_wconf 83' lang='lat' dir='ltr'>a</span> <span class='ocrx_word' id='word_1_43' title='bbox 782 719 969 807; x_wconf 87' lang='lat' dir='ltr'>patris</span> <span class='ocrx_word' id='word_1_44' title='bbox 1004 735 1348 808; x_wconf 80' lang='lat' dir='ltr'><strong>capesseret</strong></span> <span class='ocrx_word' id='word_1_45' title='bbox 1384 723 1578 798; x_wconf 88' lang='lat' dir='ltr'>obitu,</span> <span class='ocrx_word' id='word_1_46' title='bbox 1625 731 1702 804; x_wconf 86' lang='lat' dir='ltr'>(a.</span> <span class='ocrx_word' id='word_1_47' title='bbox 1740 731 1896 803; x_wconf 82' lang='grc'>998)</span> <span class='ocrx_word' id='word_1_48' title='bbox 1953 748 2068 810; x_wconf 88' lang='lat' dir='ltr'>qua</span> <span class='ocrx_word' id='word_1_49' title='bbox 2110 725 2322 802; x_wconf 89' lang='lat' dir='ltr'>literis,</span> 
     </span>
     <span class='ocr_line' id='line_1_8' title="bbox 406 805 2322 897; baseline 0.004 -32"><span class='ocrx_word' id='word_1_50' title='bbox 406 826 521 888; x_wconf 91' lang='lat' dir='ltr'>qua</span> <span class='ocrx_word' id='word_1_51' title='bbox 570 805 790 889; x_wconf 82' lang='lat' dir='ltr'>legatis</span> <span class='ocrx_word' id='word_1_52' title='bbox 827 805 984 868; x_wconf 89' lang='lat' dir='ltr'>circa</span> <span class='ocrx_word' id='word_1_53' title='bbox 1015 806 1242 869; x_wconf 87' lang='lat' dir='ltr'>vicinas</span> <span class='ocrx_word' id='word_1_54' title='bbox 1267 821 1483 892; x_wconf 82' lang='lat' dir='ltr'><strong>gentes</strong></span> <span class='ocrx_word' id='word_1_55' title='bbox 1515 809 1777 871; x_wconf 86' lang='lat' dir='ltr'>dimissis</span> <span class='ocrx_word' id='word_1_56' title='bbox 1810 810 1964 895; x_wconf 82' lang='lat' dir='ltr'>egit,</span> <span class='ocrx_word' id='word_1_57' title='bbox 1994 810 2322 897; x_wconf 87' lang='lat' dir='ltr'>effecitque,</span> 
     </span>
     <span class='ocr_line' id='line_1_9' title="bbox 403 890 2324 981; baseline 0.003 -30"><span class='ocrx_word' id='word_1_58' title='bbox 403 901 470 951; x_wconf 90' lang='lat' dir='ltr'>ut</span> <span class='ocrx_word' id='word_1_59' title='bbox 502 890 669 952; x_wconf 93' lang='lat' dir='ltr'>multi</span> <span class='ocrx_word' id='word_1_60' title='bbox 711 891 1096 977; x_wconf 79' lang='lat' dir='ltr'>praesbiteri,</span> <span class='ocrx_word' id='word_1_61' title='bbox 1145 906 1203 955; x_wconf 92' lang='lat' dir='ltr'>et</span> <span class='ocrx_word' id='word_1_62' title='bbox 1252 892 1480 970; x_wconf 88' lang='lat' dir='ltr'>clerici,</span> <span class='ocrx_word' id='word_1_63' title='bbox 1526 894 1920 981; x_wconf 84' lang='lat' dir='ltr'>Abbatesque</span> <span class='ocrx_word' id='word_1_64' title='bbox 1959 909 2020 960; x_wconf 89' lang='lat' dir='ltr'>et</span> <span class='ocrx_word' id='word_1_65' title='bbox 2056 895 2324 959; x_wconf 89' lang='lat' dir='ltr'>monachi</span> 
     </span>
    </p>
   </div>
   <div class='ocr_carea' id='block_1_3' title="bbox 402 975 2325 1150">
    <p class='ocr_par' dir='ltr' id='par_1_3' title="bbox 402 975 2325 1150">
     <span class='ocr_line' id='line_1_10' title="bbox 406 975 2325 1069; baseline 0.003 -32"><span class='ocrx_word' id='word_1_66' title='bbox 406 975 618 1054; x_wconf 87' lang='lat' dir='ltr'>(verba</span> <span class='ocrx_word' id='word_1_67' title='bbox 650 977 923 1039; x_wconf 87' lang='lat' dir='ltr'>Hartvici</span> <span class='ocrx_word' id='word_1_68' title='bbox 951 985 1118 1057; x_wconf 88' lang='lat' dir='ltr'>sunt)</span> <span class='ocrx_word' id='word_1_69' title='bbox 1146 978 1245 1039; x_wconf 92' lang='lat' dir='ltr'>nil</span> <span class='ocrx_word' id='word_1_70' title='bbox 1279 979 1633 1065; x_wconf 90' lang='lat' dir='ltr'>proprium</span> <span class='ocrx_word' id='word_1_71' title='bbox 1666 979 1927 1044; x_wconf 88' lang='lat' dir='ltr'>habere</span> <span class='ocrx_word' id='word_1_72' title='bbox 1957 981 2325 1069; x_wconf 87' lang='lat' dir='ltr'>cupientes</span> 
     </span>
     <span class='ocr_line' id='line_1_11' title="bbox 402 1059 1676 1150; baseline 0.005 -29"><span class='ocrx_word' id='word_1_73' title='bbox 402 1059 465 1122; x_wconf 91' lang='lat' dir='ltr'>in</span> <span class='ocrx_word' id='word_1_74' title='bbox 497 1061 872 1147; x_wconf 83' lang='lat' dir='ltr'>Hungariam</span> <span class='ocrx_word' id='word_1_75' title='bbox 904 1062 1162 1148; x_wconf 90' lang='lat' dir='ltr'>undique</span> <span class='ocrx_word' id='word_1_76' title='bbox 1195 1065 1676 1150; x_wconf 83' lang='lat' dir='ltr'><strong>commigrarent.</strong></span> 
     </span>
    </p>
   </div>
   <div class='ocr_carea' id='block_1_4' title="bbox 1268 1286 1454 1362">
    <p class='ocr_par' dir='ltr' id='par_1_4' title="bbox 1268 1286 1454 1362">
     <span class='ocr_line' id='line_1_12' title="bbox 1268 1286 1454 1362; baseline -0.005 -17"><span class='ocrx_word' id='word_1_77' title='bbox 1268 1286 1312 1362; x_wconf 67' lang='lat' dir='ltr'>g</span> <span class='ocrx_word' id='word_1_78' title='bbox 1354 1288 1454 1345; x_wconf 82' lang='lat'>64.</span> 
     </span>
    </p>
   </div>
   <div class='ocr_carea' id='block_1_5' title="bbox 408 1411 2327 1589">
    <p class='ocr_par' dir='ltr' id='par_1_5' title="bbox 408 1411 2327 1589">
     <span class='ocr_line' id='line_1_13' title="bbox 408 1411 2327 1505; baseline 0.004 -21"><span class='ocrx_word' id='word_1_79' title='bbox 408 1435 873 1503; x_wconf 76' lang='lat' dir='ltr'>Convocatoque</span> <span class='ocrx_word' id='word_1_80' title='bbox 908 1437 1274 1503; x_wconf 84' lang='lat' dir='ltr'>Optimatum</span> <span class='ocrx_word' id='word_1_81' title='bbox 1308 1411 1610 1501; x_wconf 84' lang='lat' dir='ltr'>Concilio,</span> <span class='ocrx_word' id='word_1_82' title='bbox 1643 1440 1833 1505; x_wconf 86' lang='lat' dir='ltr'>legem</span> <span class='ocrx_word' id='word_1_83' title='bbox 1865 1441 1931 1490; x_wconf 93' lang='lat' dir='ltr'>de</span> <span class='ocrx_word' id='word_1_84' title='bbox 1962 1441 2327 1491; x_wconf 86' lang='lat' dir='ltr'>redimendis</span> 
     </span>
     <span class='ocr_line' id='line_1_14' title="bbox 899 1523 1833 1589; baseline 0.001 -14"><span class='ocrx_word' id='word_1_85' title='bbox 899 1523 1166 1589; x_wconf 85' lang='lat' dir='ltr'>Captivis</span> <span class='ocrx_word' id='word_1_86' title='bbox 1198 1523 1565 1575; x_wconf 88' lang='lat' dir='ltr'>Christianis</span> <span class='ocrx_word' id='word_1_87' title='bbox 1598 1526 1833 1588; x_wconf 89' lang='lat' dir='ltr'>condit;</span> 
     </span>
    </p>
   </div>
   <div class='ocr_carea' id='block_1_6' title="bbox 405 1671 2331 2952">
    <p class='ocr_par' dir='ltr' id='par_1_6' title="bbox 405 1671 2331 2952">
     <span class='ocr_line' id='line_1_15' title="bbox 574 1671 2324 1752; baseline 0.003 -19"><span class='ocrx_word' id='word_1_88' title='bbox 574 1675 741 1736; x_wconf 91' lang='lat' dir='ltr'>Inter</span> <span class='ocrx_word' id='word_1_89' title='bbox 801 1672 949 1737; x_wconf 91' lang='lat' dir='ltr'>haec</span> <span class='ocrx_word' id='word_1_90' title='bbox 1009 1671 1307 1736; x_wconf 89' lang='lat' dir='ltr'>celebrato</span> <span class='ocrx_word' id='word_1_91' title='bbox 1363 1671 1620 1736; x_wconf 88' lang='lat' dir='ltr'>fidelium</span> <span class='ocrx_word' id='word_1_92' title='bbox 1677 1673 1976 1752; x_wconf 84' lang='lat' dir='ltr'>Concilio,</span> <span class='ocrx_word' id='word_1_93' title='bbox 2032 1697 2164 1737; x_wconf 92' lang='lat' dir='ltr'>cum</span> <span class='ocrx_word' id='word_1_94' title='bbox 2209 1699 2324 1740; x_wconf 91' lang='lat' dir='ltr'>non</span> 
     </span>
     <span class='ocr_line' id='line_1_16' title="bbox 406 1758 2327 1853; baseline 0.003 -35"><span class='ocrx_word' id='word_1_95' title='bbox 406 1758 567 1853; x_wconf 88' lang='lat' dir='ltr'>ipse,</span> <span class='ocrx_word' id='word_1_96' title='bbox 621 1761 954 1846; x_wconf 88' lang='lat' dir='ltr'>conjuxque</span> <span class='ocrx_word' id='word_1_97' title='bbox 1003 1759 1230 1836; x_wconf 80' lang='lat' dir='ltr'>minuS,</span> <span class='ocrx_word' id='word_1_98' title='bbox 1288 1782 1462 1845; x_wconf 89' lang='lat' dir='ltr'>quam</span> <span class='ocrx_word' id='word_1_99' title='bbox 1508 1758 1788 1822; x_wconf 82' lang='lat' dir='ltr'>Pontifex</span> <span class='ocrx_word' id='word_1_100' title='bbox 1842 1762 2145 1824; x_wconf 89' lang='lat' dir='ltr'>Romanus</span> <span class='ocrx_word' id='word_1_101' title='bbox 2195 1784 2327 1849; x_wconf 88' lang='lat' dir='ltr'>cap-</span> 
     </span>
     <span class='ocr_line' id='line_1_17' title="bbox 405 1843 2327 1933; baseline 0.001 -26"><span class='ocrx_word' id='word_1_102' title='bbox 405 1856 563 1907; x_wconf 85' lang='lat' dir='ltr'>tlvos</span> <span class='ocrx_word' id='word_1_103' title='bbox 595 1843 974 1908; x_wconf 82' lang='lat' dir='ltr'>Christianos</span> <span class='ocrx_word' id='word_1_104' title='bbox 1006 1844 1315 1908; x_wconf 88' lang='lat' dir='ltr'>servitutis</span> <span class='ocrx_word' id='word_1_105' title='bbox 1348 1844 1522 1907; x_wconf 85' lang='lat' dir='ltr'>eximi</span> <span class='ocrx_word' id='word_1_106' title='bbox 1550 1848 1703 1931; x_wconf 83' lang='lat' dir='ltr'>jugo</span> <span class='ocrx_word' id='word_1_107' title='bbox 1743 1859 2027 1933; x_wconf 88' lang='lat' dir='ltr'>cuperent</span> <span class='ocrx_word' id='word_1_108' title='bbox 2043 1890 2077 1931; x_wconf 71' lang='lat'>,9</span> <span class='ocrx_word' id='word_1_109' title='bbox 2103 1846 2175 1910; x_wconf 92' lang='lat' dir='ltr'>de</span> <span class='ocrx_word' id='word_1_110' title='bbox 2209 1869 2327 1909; x_wconf 93' lang='lat' dir='ltr'>me-</span> 
     </span>
     <span class='ocr_line' id='line_1_18' title="bbox 409 1929 2330 2009; baseline 0.002 -17"><span class='ocrx_word' id='word_1_111' title='bbox 409 1929 522 1992; x_wconf 91' lang='lat' dir='ltr'>diis</span> <span class='ocrx_word' id='word_1_112' title='bbox 566 1930 639 1994; x_wconf 92' lang='lat' dir='ltr'>ad</span> <span class='ocrx_word' id='word_1_113' title='bbox 678 1932 852 1994; x_wconf 89' lang='lat' dir='ltr'>finem</span> <span class='ocrx_word' id='word_1_114' title='bbox 899 1929 1055 1993; x_wconf 89' lang='lat' dir='ltr'>hunc</span> <span class='ocrx_word' id='word_1_115' title='bbox 1090 1929 1455 1994; x_wconf 84' lang='lat' dir='ltr'>deliberavit.</span> <span class='ocrx_word' id='word_1_116' title='bbox 1517 1933 1762 1993; x_wconf 84' lang='lat' dir='ltr'>Summa</span> <span class='ocrx_word' id='word_1_117' title='bbox 1808 1931 2218 2009; x_wconf 85' lang='lat' dir='ltr'>consiliorum,</span> <span class='ocrx_word' id='word_1_118' title='bbox 2263 1945 2330 1996; x_wconf 87' lang='lat' dir='ltr'>ut</span> 
     </span>
     <span class='ocr_line' id='line_1_19' title="bbox 407 2015 2329 2103; baseline 0.001 -25"><span class='ocrx_word' id='word_1_119' title='bbox 407 2018 609 2093; x_wconf 78' lang='lat' dir='ltr'>Keza,</span> <span class='ocrx_word' id='word_1_120' title='bbox 651 2018 950 2103; x_wconf 84' lang='lat' dir='ltr'>longeque</span> <span class='ocrx_word' id='word_1_121' title='bbox 987 2015 1316 2079; x_wconf 85' lang='lat' dir='ltr'>clarissime</span> <span class='ocrx_word' id='word_1_122' title='bbox 1347 2041 1447 2080; x_wconf 91' lang='lat' dir='ltr'>res</span> <span class='ocrx_word' id='word_1_123' title='bbox 1476 2016 1609 2102; x_wconf 88' lang='lat' dir='ltr'>ipsa</span> <span class='ocrx_word' id='word_1_124' title='bbox 1644 2017 1934 2103; x_wconf 90' lang='lat' dir='ltr'>loquitur,</span> <span class='ocrx_word' id='word_1_125' title='bbox 1981 2018 2098 2081; x_wconf 91' lang='lat' dir='ltr'>huc</span> <span class='ocrx_word' id='word_1_126' title='bbox 2127 2017 2329 2082; x_wconf 88' lang='lat' dir='ltr'>rediit:</span> 
     </span>
     <span class='ocr_line' id='line_1_20' title="bbox 410 2101 2330 2192; baseline 0.001 -27"><span class='ocrx_word' id='word_1_127' title='bbox 410 2103 606 2186; x_wconf 83' lang='lat' dir='ltr'>Caput</span> <span class='ocrx_word' id='word_1_128' title='bbox 661 2102 893 2190; x_wconf 90' lang='lat' dir='ltr'>quidem</span> <span class='ocrx_word' id='word_1_129' title='bbox 942 2124 1077 2165; x_wconf 90' lang='lat' dir='ltr'>esse</span> <span class='ocrx_word' id='word_1_130' title='bbox 1123 2101 1417 2165; x_wconf 87' lang='lat' dir='ltr'>libertatis</span> <span class='ocrx_word' id='word_1_131' title='bbox 1467 2105 1927 2188; x_wconf 82' lang='lat' dir='ltr'>Hungarorum,</span> <span class='ocrx_word' id='word_1_132' title='bbox 1979 2105 2215 2192; x_wconf 88' lang='lat' dir='ltr'>plenam</span> <span class='ocrx_word' id='word_1_133' title='bbox 2265 2117 2330 2167; x_wconf 90' lang='lat' dir='ltr'>ut</span> 
     </span>
     <span class='ocr_line' id='line_1_21' title="bbox 411 2187 2330 2276; baseline 0.002 -27"><span class='ocrx_word' id='word_1_134' title='bbox 411 2187 661 2274; x_wconf 92' lang='lat' dir='ltr'>quisque</span> <span class='ocrx_word' id='word_1_135' title='bbox 686 2213 885 2252; x_wconf 89' lang='lat' dir='ltr'>rerum</span> <span class='ocrx_word' id='word_1_136' title='bbox 909 2211 1148 2250; x_wconf 85' lang='lat' dir='ltr'>suarum</span> <span class='ocrx_word' id='word_1_137' title='bbox 1173 2187 1391 2251; x_wconf 90' lang='lat' dir='ltr'>habeat</span> <span class='ocrx_word' id='word_1_138' title='bbox 1424 2200 1801 2275; x_wconf 85' lang='lat' dir='ltr'>potestatem,</span> <span class='ocrx_word' id='word_1_139' title='bbox 1833 2201 2012 2276; x_wconf 89' lang='lat' dir='ltr'>atque</span> <span class='ocrx_word' id='word_1_140' title='bbox 2036 2192 2096 2252; x_wconf 91' lang='lat' dir='ltr'>in</span> <span class='ocrx_word' id='word_1_141' title='bbox 2121 2188 2330 2261; x_wconf 86' lang='lat' dir='ltr'>harum</span> 
     </span>
     <span class='ocr_line' id='line_1_22' title="bbox 409 2273 2326 2361; baseline 0.003 -26"><span class='ocrx_word' id='word_1_142' title='bbox 409 2297 653 2337; x_wconf 91' lang='lat' dir='ltr'>numero</span> <span class='ocrx_word' id='word_1_143' title='bbox 696 2274 852 2338; x_wconf 90' lang='lat' dir='ltr'>bello</span> <span class='ocrx_word' id='word_1_144' title='bbox 901 2285 1106 2361; x_wconf 89' lang='lat' dir='ltr'>captos</span> <span class='ocrx_word' id='word_1_145' title='bbox 1144 2297 1378 2360; x_wconf 83' lang='lat' dir='ltr'>quoque</span> <span class='ocrx_word' id='word_1_146' title='bbox 1409 2274 1665 2349; x_wconf 84' lang='lat' dir='ltr'>censeri3</span> <span class='ocrx_word' id='word_1_147' title='bbox 1721 2273 1792 2337; x_wconf 92' lang='lat' dir='ltr'>de</span> <span class='ocrx_word' id='word_1_148' title='bbox 1834 2273 1928 2337; x_wconf 91' lang='lat' dir='ltr'>his</span> <span class='ocrx_word' id='word_1_149' title='bbox 1991 2275 2168 2339; x_wconf 89' lang='lat' dir='ltr'>nihilo</span> <span class='ocrx_word' id='word_1_150' title='bbox 2233 2299 2326 2340; x_wconf 91' lang='lat' dir='ltr'>se-</span> 
     </span>
     <span class='ocr_line' id='line_1_23' title="bbox 412 2358 2331 2446; baseline 0.002 -26"><span class='ocrx_word' id='word_1_151' title='bbox 412 2358 539 2421; x_wconf 91' lang='lat' dir='ltr'>cius</span> <span class='ocrx_word' id='word_1_152' title='bbox 570 2359 884 2424; x_wconf 88' lang='lat' dir='ltr'>reddendis</span> <span class='ocrx_word' id='word_1_153' title='bbox 896 2410 911 2438; x_wconf 94' lang='lat'>,</span> <span class='ocrx_word' id='word_1_154' title='bbox 962 2372 1021 2423; x_wconf 93' lang='lat' dir='ltr'>et</span> <span class='ocrx_word' id='word_1_155' title='bbox 1042 2362 1311 2439; x_wconf 69' lang='lat' dir='ltr'>„patrum</span> <span class='ocrx_word' id='word_1_156' title='bbox 1342 2359 1624 2423; x_wconf 92' lang='lat' dir='ltr'>memoria</span> <span class='ocrx_word' id='word_1_157' title='bbox 1658 2359 1899 2446; x_wconf 90' lang='lat' dir='ltr'>saepius</span> <span class='ocrx_word' id='word_1_158' title='bbox 1936 2361 2331 2425; x_wconf 89' lang='lat' dir='ltr'>constitutum</span> 
     </span>
     <span class='ocr_line' id='line_1_24' title="bbox 409 2445 2327 2533; baseline 0.001 -25"><span class='ocrx_word' id='word_1_159' title='bbox 409 2446 674 2533; x_wconf 88' lang='lat' dir='ltr'>publice,</span> <span class='ocrx_word' id='word_1_160' title='bbox 704 2454 749 2527; x_wconf 82' lang='lat'>1)</span> <span class='ocrx_word' id='word_1_161' title='bbox 802 2459 861 2510; x_wconf 92' lang='lat' dir='ltr'>et</span> <span class='ocrx_word' id='word_1_162' title='bbox 909 2469 1048 2509; x_wconf 91' lang='lat' dir='ltr'>vero</span> <span class='ocrx_word' id='word_1_163' title='bbox 1084 2445 1266 2532; x_wconf 90' lang='lat' dir='ltr'>quod,</span> <span class='ocrx_word' id='word_1_164' title='bbox 1313 2445 1634 2508; x_wconf 90' lang='lat' dir='ltr'>novissime</span> <span class='ocrx_word' id='word_1_165' title='bbox 1671 2445 1827 2533; x_wconf 90' lang='lat' dir='ltr'>apud</span> <span class='ocrx_word' id='word_1_166' title='bbox 1857 2446 2327 2532; x_wconf 87' lang='lat' dir='ltr'>Ultrasylvanos</span> 
     </span>
     <span class='ocr_line' id='line_1_25' title="bbox 413 2530 2328 2621; baseline 0 -25"><span class='ocrx_word' id='word_1_167' title='bbox 413 2531 633 2596; x_wconf 89' lang='lat' dir='ltr'>editum</span> <span class='ocrx_word' id='word_1_168' title='bbox 666 2545 830 2596; x_wconf 91' lang='lat' dir='ltr'>esset</span> <span class='ocrx_word' id='word_1_169' title='bbox 862 2531 1277 2609; x_wconf 84' lang='lat' dir='ltr'>humanitatis,</span> <span class='ocrx_word' id='word_1_170' title='bbox 1327 2530 1816 2618; x_wconf 89' lang='lat' dir='ltr'>liberalitatisque</span> <span class='ocrx_word' id='word_1_171' title='bbox 1854 2534 2217 2621; x_wconf 87' lang='lat' dir='ltr'>exemplum,</span> <span class='ocrx_word' id='word_1_172' title='bbox 2261 2545 2328 2596; x_wconf 90' lang='lat' dir='ltr'>ut</span> 
     </span>
     <span class='ocr_line' id='line_1_26' title="bbox 414 2617 2330 2704; baseline -0.001 -22"><span class='ocrx_word' id='word_1_173' title='bbox 414 2618 673 2703; x_wconf 84' lang='lat' dir='ltr'>Gyulam</span> <span class='ocrx_word' id='word_1_174' title='bbox 718 2621 945 2682; x_wconf 82' lang='lat' dir='ltr'>Ducem</span> <span class='ocrx_word' id='word_1_175' title='bbox 1004 2617 1270 2704; x_wconf 89' lang='lat' dir='ltr'>captivos</span> <span class='ocrx_word' id='word_1_176' title='bbox 1320 2617 1678 2680; x_wconf 89' lang='lat' dir='ltr'>christianos</span> <span class='ocrx_word' id='word_1_177' title='bbox 1734 2640 2001 2682; x_wconf 93' lang='lat' dir='ltr'>coemere</span> <span class='ocrx_word' id='word_1_178' title='bbox 2048 2631 2108 2683; x_wconf 88' lang='lat' dir='ltr'>et</span> <span class='ocrx_word' id='word_1_179' title='bbox 2153 2617 2330 2682; x_wconf 84' lang='lat' dir='ltr'>liber-</span> 
     </span>
     <span class='ocr_line' id='line_1_27' title="bbox 411 2703 2329 2791; baseline 0 -25"><span class='ocrx_word' id='word_1_180' title='bbox 411 2717 536 2767; x_wconf 90' lang='lat' dir='ltr'>tate</span> <span class='ocrx_word' id='word_1_181' title='bbox 580 2704 800 2767; x_wconf 91' lang='lat' dir='ltr'>donare</span> <span class='ocrx_word' id='word_1_182' title='bbox 831 2728 1016 2790; x_wconf 90' lang='lat' dir='ltr'>aequo</span> <span class='ocrx_word' id='word_1_183' title='bbox 1053 2705 1245 2767; x_wconf 87' lang='lat' dir='ltr'>animo</span> <span class='ocrx_word' id='word_1_184' title='bbox 1287 2710 1738 2790; x_wconf 83' lang='lat' dir='ltr'>paterentur,2)</span> <span class='ocrx_word' id='word_1_185' title='bbox 1793 2703 1876 2766; x_wconf 88' lang='lat' dir='ltr'>ita</span> <span class='ocrx_word' id='word_1_186' title='bbox 1919 2728 2057 2768; x_wconf 90' lang='lat' dir='ltr'>esse</span> <span class='ocrx_word' id='word_1_187' title='bbox 2099 2727 2329 2791; x_wconf 86' lang='lat' dir='ltr'>compa-</span> 
     </span>
     <span class='ocr_line' id='line_1_28' title="bbox 413 2788 2329 2876; baseline 0.001 -24"><span class='ocrx_word' id='word_1_188' title='bbox 413 2802 608 2852; x_wconf 91' lang='lat' dir='ltr'>ratum</span> <span class='ocrx_word' id='word_1_189' title='bbox 638 2802 732 2864; x_wconf 90' lang='lat' dir='ltr'>ut,</span> <span class='ocrx_word' id='word_1_190' title='bbox 768 2789 943 2876; x_wconf 79' lang='lat' dir='ltr'>ipsiS,</span> <span class='ocrx_word' id='word_1_191' title='bbox 979 2789 1095 2851; x_wconf 90' lang='lat' dir='ltr'>nisi</span> <span class='ocrx_word' id='word_1_192' title='bbox 1128 2788 1201 2852; x_wconf 90' lang='lat' dir='ltr'>ad</span> <span class='ocrx_word' id='word_1_193' title='bbox 1223 2788 1337 2852; x_wconf 93' lang='lat' dir='ltr'>hoc</span> <span class='ocrx_word' id='word_1_194' title='bbox 1369 2789 1561 2852; x_wconf 91' lang='lat' dir='ltr'>laudis</span> <span class='ocrx_word' id='word_1_195' title='bbox 1582 2812 1777 2874; x_wconf 82' lang='lat' dir='ltr'>genus</span> <span class='ocrx_word' id='word_1_196' title='bbox 1807 2789 2103 2856; x_wconf 87' lang='lat' dir='ltr'>tardiores</span> <span class='ocrx_word' id='word_1_197' title='bbox 2128 2789 2329 2854; x_wconf 84' lang='lat' dir='ltr'>existi-</span> 
     </span>
     <span class='ocr_line' id='line_1_29' title="bbox 414 2873 2331 2952; baseline 0.001 -15"><span class='ocrx_word' id='word_1_198' title='bbox 414 2874 562 2937; x_wconf 89' lang='lat' dir='ltr'>mari</span> <span class='ocrx_word' id='word_1_199' title='bbox 589 2875 823 2951; x_wconf 84' lang='lat' dir='ltr'>malint,</span> <span class='ocrx_word' id='word_1_200' title='bbox 861 2874 1016 2937; x_wconf 92' lang='lat' dir='ltr'>haud</span> <span class='ocrx_word' id='word_1_201' title='bbox 1044 2873 1420 2938; x_wconf 89' lang='lat' dir='ltr'>mediocriter</span> <span class='ocrx_word' id='word_1_202' title='bbox 1457 2874 1777 2937; x_wconf 91' lang='lat' dir='ltr'>curandum</span> <span class='ocrx_word' id='word_1_203' title='bbox 1805 2873 1911 2952; x_wconf 91' lang='lat' dir='ltr'>sit,</span> <span class='ocrx_word' id='word_1_204' title='bbox 1948 2875 2047 2938; x_wconf 84' lang='lat' dir='ltr'>lex</span> <span class='ocrx_word' id='word_1_205' title='bbox 2078 2888 2145 2940; x_wconf 93' lang='lat' dir='ltr'>ut</span> <span class='ocrx_word' id='word_1_206' title='bbox 2177 2875 2331 2939; x_wconf 88' lang='lat' dir='ltr'>hanc</span> 
     </span>
    </p>
   </div>
   <div class='ocr_carea' id='block_1_7' title="bbox 415 3056 2327 3384">
    <p class='ocr_par' dir='ltr' id='par_1_7' title="bbox 553 3056 2174 3125">
     <span class='ocr_line' id='line_1_30' title="bbox 553 3056 2174 3125; baseline 0.001 -15"><span class='ocrx_word' id='word_1_207' title='bbox 553 3064 594 3122; x_wconf 89' lang='lat'>1)</span> <span class='ocrx_word' id='word_1_208' title='bbox 639 3060 754 3110; x_wconf 90' lang='lat' dir='ltr'>Vide</span> <span class='ocrx_word' id='word_1_209' title='bbox 783 3060 947 3110; x_wconf 91' lang='lat' dir='ltr'>locum</span> <span class='ocrx_word' id='word_1_210' title='bbox 977 3060 1130 3110; x_wconf 86' lang='lat' dir='ltr'>Prisci</span> <span class='ocrx_word' id='word_1_211' title='bbox 1162 3076 1310 3125; x_wconf 87' lang='lat' dir='ltr'>supra</span> <span class='ocrx_word' id='word_1_212' title='bbox 1338 3060 1372 3111; x_wconf 91' lang='lat' dir='ltr'>l.</span> <span class='ocrx_word' id='word_1_213' title='bbox 1406 3060 1444 3109; x_wconf 89' lang='grc' dir='ltr'>Ι.</span> <span class='ocrx_word' id='word_1_214' title='bbox 1478 3065 1507 3119; x_wconf 84' lang='lat'>§</span> <span class='ocrx_word' id='word_1_215' title='bbox 1543 3056 1636 3110; x_wconf 88' lang='grc'>13.</span> <span class='ocrx_word' id='word_1_216' title='bbox 1671 3061 1731 3110; x_wconf 86' lang='lat' dir='ltr'>ad</span> <span class='ocrx_word' id='word_1_217' title='bbox 1762 3057 1850 3125; x_wconf 83' lang='lat'>(1)</span> <span class='ocrx_word' id='word_1_218' title='bbox 1882 3060 2174 3112; x_wconf 86' lang='lat' dir='ltr'>subnexum.</span> 
     </span>
    </p>

    <p class='ocr_par' dir='ltr' id='par_1_8' title="bbox 415 3136 2327 3384">
     <span class='ocr_line' id='line_1_31' title="bbox 550 3136 2325 3214; baseline 0.001 -18"><span class='ocrx_word' id='word_1_219' title='bbox 550 3149 597 3208; x_wconf 86' lang='lat'>2)</span> <span class='ocrx_word' id='word_1_220' title='bbox 642 3145 777 3197; x_wconf 89' lang='lat' dir='ltr'>Ioan.</span> <span class='ocrx_word' id='word_1_221' title='bbox 812 3145 1041 3211; x_wconf 81' lang='lat' dir='ltr'>Scylitzes</span> <span class='ocrx_word' id='word_1_222' title='bbox 1073 3146 1258 3211; x_wconf 86' lang='lat' dir='ltr'>Curop.</span> <span class='ocrx_word' id='word_1_223' title='bbox 1292 3146 1438 3211; x_wconf 89' lang='lat' dir='ltr'>apud.</span> <span class='ocrx_word' id='word_1_224' title='bbox 1479 3145 1604 3196; x_wconf 89' lang='lat' dir='ltr'>Koll.</span> <span class='ocrx_word' id='word_1_225' title='bbox 1648 3145 1764 3197; x_wconf 84' lang='lat' dir='ltr'>hist.</span> <span class='ocrx_word' id='word_1_226' title='bbox 1799 3145 1899 3212; x_wconf 88' lang='lat' dir='ltr'>jur.</span> <span class='ocrx_word' id='word_1_227' title='bbox 1932 3136 2126 3212; x_wconf 81' lang='lat' dir='ltr'>patron.</span> <span class='ocrx_word' id='word_1_228' title='bbox 2175 3164 2227 3214; x_wconf 92' lang='lat' dir='ltr'>p.</span> <span class='ocrx_word' id='word_1_229' title='bbox 2263 3145 2325 3198; x_wconf 89' lang='lat'>8:</span> 
     </span>
     <span class='ocr_line' id='line_1_32' title="bbox 415 3231 2327 3299; baseline 0.001 -17"><span class='ocrx_word' id='word_1_230' title='bbox 415 3234 484 3283; x_wconf 86' lang='lat' dir='ltr'>Ac</span> <span class='ocrx_word' id='word_1_231' title='bbox 526 3232 667 3298; x_wconf 81' lang='lat' dir='ltr'>Gylas</span> <span class='ocrx_word' id='word_1_232' title='bbox 706 3232 947 3295; x_wconf 85' lang='lat' dir='ltr'>(turcicus</span> <span class='ocrx_word' id='word_1_233' title='bbox 987 3231 1247 3296; x_wconf 87' lang='lat' dir='ltr'>Princeps)</span> <span class='ocrx_word' id='word_1_234' title='bbox 1296 3231 1493 3297; x_wconf 90' lang='lat' dir='ltr'>quidem</span> <span class='ocrx_word' id='word_1_235' title='bbox 1540 3231 1590 3281; x_wconf 91' lang='lat' dir='ltr'>in</span> <span class='ocrx_word' id='word_1_236' title='bbox 1638 3232 1733 3282; x_wconf 87' lang='lat' dir='ltr'>ssde</span> <span class='ocrx_word' id='word_1_237' title='bbox 1780 3233 2051 3298; x_wconf 83' lang='lat' dir='ltr'>permansit</span> <span class='ocrx_word' id='word_1_238' title='bbox 2090 3239 2138 3284; x_wconf 86' lang='lat' dir='ltr'>et</span> <span class='ocrx_word' id='word_1_239' title='bbox 2167 3248 2327 3299; x_wconf 85' lang='lat' dir='ltr'>neque</span> 
     </span>
     <span class='ocr_line' id='line_1_33' title="bbox 417 3317 2327 3384; baseline 0.001 -16"><span class='ocrx_word' id='word_1_240' title='bbox 417 3318 522 3383; x_wconf 88' lang='lat' dir='ltr'>ipse</span> <span class='ocrx_word' id='word_1_241' title='bbox 559 3318 609 3368; x_wconf 90' lang='lat' dir='ltr'>in</span> <span class='ocrx_word' id='word_1_242' title='bbox 647 3319 896 3368; x_wconf 87' lang='lat' dir='ltr'>Romanos</span> <span class='ocrx_word' id='word_1_243' title='bbox 926 3317 1277 3383; x_wconf 86' lang='lat' dir='ltr'>impressiones</span> <span class='ocrx_word' id='word_1_244' title='bbox 1308 3317 1446 3378; x_wconf 83' lang='lat' dir='ltr'>fecit,</span> <span class='ocrx_word' id='word_1_245' title='bbox 1487 3324 1536 3367; x_wconf 85' lang='lat' dir='ltr'>et</span> <span class='ocrx_word' id='word_1_246' title='bbox 1575 3318 1790 3384; x_wconf 83' lang='lat' dir='ltr'>captivos</span> <span class='ocrx_word' id='word_1_247' title='bbox 1829 3318 2120 3369; x_wconf 84' lang='lat' dir='ltr'>christianos</span> <span class='ocrx_word' id='word_1_248' title='bbox 2157 3334 2327 3369; x_wconf 89' lang='lat' dir='ltr'>emens</span> 
     </span>
    </p>
   </div>
   <div class='ocr_carea' id='block_1_8' title="bbox 420 3402 2324 3556">
    <p class='ocr_par' dir='ltr' id='par_1_9' title="bbox 420 3402 2324 3556">
     <span class='ocr_line' id='line_1_34' title="bbox 420 3402 2324 3470; baseline 0.002 -18"><span class='ocrx_word' id='word_1_249' title='bbox 420 3403 626 3466; x_wconf 83' lang='lat' dir='ltr'>curavit,</span> <span class='ocrx_word' id='word_1_250' title='bbox 680 3403 1050 3470; x_wconf 81' lang='lat' dir='ltr'>libertatemque</span> <span class='ocrx_word' id='word_1_251' title='bbox 1100 3402 1170 3453; x_wconf 89' lang='lat' dir='ltr'>eis</span> <span class='ocrx_word' id='word_1_252' title='bbox 1217 3403 1430 3455; x_wconf 85' lang='lat' dir='ltr'>tradidit.</span> <span class='ocrx_word' id='word_1_253' title='bbox 1476 3403 1657 3455; x_wconf 82' lang='lat' dir='ltr'>Confer</span> <span class='ocrx_word' id='word_1_254' title='bbox 1703 3404 1847 3455; x_wconf 83' lang='lat' dir='ltr'>etiam</span> <span class='ocrx_word' id='word_1_255' title='bbox 1888 3403 2088 3455; x_wconf 89' lang='lat' dir='ltr'>Cornid.</span> <span class='ocrx_word' id='word_1_256' title='bbox 2128 3403 2324 3455; x_wconf 83' lang='lat' dir='ltr'>Geneal.</span> 
     </span>
     <span class='ocr_line' id='line_1_35' title="bbox 421 3485 1098 3556; baseline 0.004 -20"><span class='ocrx_word' id='word_1_257' title='bbox 421 3487 479 3536; x_wconf 86' lang='lat' dir='ltr'>R.</span> <span class='ocrx_word' id='word_1_258' title='bbox 512 3488 573 3539; x_wconf 90' lang='lat' dir='ltr'>H.</span> <span class='ocrx_word' id='word_1_259' title='bbox 614 3504 716 3539; x_wconf 88' lang='lat' dir='ltr'>sec.</span> <span class='ocrx_word' id='word_1_260' title='bbox 749 3489 831 3540; x_wconf 86' lang='lat' dir='ltr'>XI.</span> <span class='ocrx_word' id='word_1_261' title='bbox 873 3506 924 3556; x_wconf 91' lang='lat' dir='ltr'>p.</span> <span class='ocrx_word' id='word_1_262' title='bbox 961 3485 1098 3541; x_wconf 88' lang='grc'><strong>308.</strong></span> 
     </span>
    </p>
   </div>
  </div>
 </body>
</html>
