2384 3886
416 195 538 253 174

413 334 660 418 cipatus.
694 335 741 411 1)
777 330 1118 394 Adsuerunt
1148 352 1280 392 cum
1310 330 1649 417 HungariS,
1686 331 1875 394 exteri
1907 354 2163 420 quoque,
2199 341 2325 417 jam

410 417 755 503 indigenae,
803 439 1053 503 quorum
1080 438 1222 503 pars
1255 439 1474 514 magna
1494 416 1612 479 illis
1641 417 1831 481 medio
1854 430 2118 506 tempore
2150 421 2326 483 etiam

410 503 822 588 innupserunt.
913 501 1168 588 Utrique
1225 503 1517 589 explicata
1568 503 1898 580 sententia,
1965 503 2037 567 ad
2079 506 2326 569 eundem

410 588 630 651 exitum
670 588 928 651 veniunt.
995 587 1074 650 Hi
1116 591 1341 674 Regem
1379 587 1743 676 Stephanum
1785 589 2154 676 apellandum
2190 614 2326 655 con-

406 674 679 737 tendunt:
714 674 850 761 quia
874 673 1135 750 illorum,
1161 674 1258 760 qui
1283 686 1662 761 praeessent,
1688 674 1978 761 dignitas,
2009 675 2326 763 decusque,

408 759 478 822 ad
518 758 630 822 hos
672 760 841 838 item,
889 758 986 846 qui
1025 771 1265 847 parent,
1311 758 1509 845 aliqua
1543 783 1618 823 ex
1647 773 1817 846 parte
1843 759 2028 836 redit3

710 903 813 964 „Et
840 903 1035 952 lucente
1067 902 1243 951 domus
1274 900 1429 950 multo
1462 907 1538 949 est
1569 901 1823 965 augustior
1851 902 2025 967 igne.“

404 1020 567 1084 Idem
598 1045 891 1108 personae
920 1020 1219 1117 urgebant
1246 1019 1538 1105 religione
1573 1043 1810 1098 sacrae,
1855 1022 2056 1119 populi
2087 1023 2325 1087 Israeli-

403 1106 506 1169 tici
534 1107 828 1193 exemplo,
877 1106 1276 1191 Cadmumque
1304 1128 1611 1168 sacrorum
1642 1118 1995 1170 auctoritate
2031 1120 2089 1190 et
2114 1131 2324 1172 conso—

404 1217 515 1256 nae
552 1193 622 1255 de
657 1191 849 1278 Regio
884 1191 1111 1255 honore
1135 1190 1439 1254 doctrinae
1473 1190 1905 1255 Aristotelis
1941 1193 2324 1280 praestantia.

404 1278 716 1363 Hungaris
743 1277 1018 1365 proprius
1042 1275 1259 1339 nobilis
1285 1276 1460 1338 animi
1486 1300 1703 1340 sensus
1733 1278 1941 1365 pluris,
1974 1301 2147 1366 quam
2183 1279 2328 1343 haec

405 1364 624 1438 omnia3
665 1367 775 1426 Ste
817 1362 1035 1426 hanum
1068 1362 1284 1449 igitur,
1319 1362 1473 1449 quod
1502 1386 1719 1449 regere
1748 1365 2026 1452 populum
2061 1366 2325 1429 moribus

401 1449 640 1537 patriiS,
673 1455 723 1529 2)
772 1387 1100 1536 liorumque
1147 1461 1548 1526 constantem,
1604 1447 1709 1512 sed
1747 1449 2122 1537 praecipuam
2171 1475 2324 1514 sem-

399 1559 508 1623 per
532 1535 913 1599 consiliorum
947 1559 1013 1599 se
1035 1534 1375 1597 habiturum
1410 1535 1700 1598 rationem
1724 1537 1915 1632 palam
1939 1559 2045 1622 pro
2071 1537 2325 1601 candore

402 1646 510 1685 suo
548 1634 809 1685 testatus
843 1633 966 1698 est,
1014 1643 1164 1707 quae
1198 1619 1270 1683 ad
1309 1618 1632 1684 addendam
1677 1621 1919 1683 Clvitati
1957 1621 2325 1708 hungaricae

399 1707 738 1771 firmitatem
791 1706 1108 1794 plurimum
1153 1706 1441 1769 collatura
1493 1718 1698 1770 essent
1721 1755 1736 1784 ,
1811 1710 2042 1793 Regem
2094 1709 2323 1772 concla-

400 1807 580 1871 mant,
621 1794 970 1879 elevantque
1001 1792 1120 1855 ritu
1145 1792 1322 1869 avit0,
1355 1816 1429 1855 ne
1461 1791 1596 1868 sibi,
1628 1816 1702 1855 ne
1734 1791 2036 1880 Stephano
2060 1793 2325 1859 invidere

400 1880 654 1966 gloriam
683 1879 1021 1955 videantur,
1069 1902 1184 1965 qua
1222 1877 1514 1940 communi
1546 1881 1826 1965 Europae
1840 1959 1843 1962 ἢ
1847 1879 2079 1977 judicio
2117 1883 2321 1967 Reges

400 1966 823 2029 antecellerent
867 1964 1154 2027 Ducibus,
1239 1963 1401 2026 Mitti
1444 1963 1644 2050 itaque
1691 1961 2001 2028 Astrlcum
2044 1965 2323 2053 designa-

399 2065 524 2115 tum
571 2051 932 2138 Episcopum
977 2050 1366 2113 Colocensem
1410 2053 1656 2113 Romam
1693 2050 1939 2137 placuit,
1997 2052 2097 2139 qui
2143 2051 2322 2116 desti-

399 2150 541 2200 nata
589 2160 696 2224 per
746 2135 1117 2224 Stephanum
1162 2133 1497 2198 sacerdotia
1540 2142 1769 2219 majora
1820 2160 1925 2224 per
1966 2138 2321 2208 Pontificem

399 2237 533 2287 rata
572 2222 805 2296 haberi;
853 2220 1142 2309 Principi,
1191 2243 1362 2307 quem
1400 2225 1629 2308 Regem
1665 2222 2019 2307 elegissent,
2066 2224 2323 2310 Regium

399 2310 687 2398 impertiri
715 2308 955 2395 insigne
979 2319 1237 2395 peteret3
1287 2307 1533 2394 denique
1561 2308 1878 2394 Hungaria
1901 2308 2101 2398 populi
2127 2310 2321 2398 inope,

402 2396 667 2483 captivos
696 2393 768 2458 ad
794 2395 953 2458 lares
979 2417 1123 2457 suos
1148 2393 1335 2457 libere
1364 2393 1577 2457 dimitti
1623 2394 1899 2480 nequire3
1963 2408 2322 2482 potestatem

396 2497 596 2547 tamen
654 2481 891 2545 eosdem
941 2478 1265 2543 constituto
1314 2478 1452 2543 litro
1502 2479 1824 2544 redimendi
1870 2481 2025 2568 Regi
2073 2481 2319 2546 liberam

400 2593 537 2633 esse
583 2567 656 2630 ad
694 2567 1048 2630 Pontificem
1082 2565 1350 2629 referret.

538 2834 579 2893 ¹)
623 2832 803 2880 Vellem
861 2831 1253 2895 Historiographi
1299 2830 1380 2896 qui
1426 2845 1780 2894 nonnunquam
1837 2829 1886 2878 in
1937 2828 2084 2879 unico
2129 2831 2317 2895 proelio

398 2917 663 2984 plurimum
704 2916 962 2965 verborum
1004 2923 1355 2965 consummunt
1398 2916 1448 2965 in
1492 2915 1828 2965 describendis
1868 2913 2150 2979 hujusmodi
2192 2932 2318 2966 con-

400 3004 536 3065 siliis,
570 3002 812 3051 monitum
844 3001 1219 3065 exemplumque
1252 3008 1576 3065 sequerentur
1606 3000 1819 3065 Dionysii
1839 3000 2085 3051 Halicarn.
2117 3002 2313 3067 Antiqu.

398 3091 542 3140 Rom.
576 3089 609 3138 l.
643 3088 743 3138 VII.
778 3103 822 3137 c.
860 3084 955 3137 66.

530 3192 577 3251 2)
622 3188 781 3239 Etiam
812 3187 862 3236 in
892 3186 1092 3238 monitis
1124 3187 1182 3235 ad
1216 3186 1394 3246 fllium,
1443 3203 1550 3251 cap.
1592 3186 1714 3235 vm.
1755 3186 1965 3236 Imitatio
1995 3186 2233 3251 Majorum
2264 3187 2315 3237 iu

398 3276 543 3340 regali
576 3275 806 3340 dignitate
838 3280 1062 3323 octavum
1094 3273 1315 3337 possidet
1345 3273 1527 3322 locum.
1594 3273 1712 3330 Quis
1744 3287 1948 3336 graecus
1979 3279 2173 3337 regeret
2200 3273 2316 3322 lati-

396 3377 487 3410 nos
519 3361 705 3425 graecis
736 3357 992 3410 moribus?
1045 3365 1128 3407 aut
1166 3358 1273 3422 quis
1304 3358 1482 3408 latinus
1515 3374 1716 3423 graecos
1747 3358 1907 3407 latinis
1938 3366 2129 3423 regeret
2158 3359 2315 3408 mori-

396 3445 522 3494 bus?
575 3446 761 3495 NulluS.
824 3445 1012 3495 Idcirco
1055 3444 1437 3494 consuetudines
1470 3459 1687 3508 *sequere
1728 3458 1890 3502 meaS,
1939 3450 1990 3493 nt
2018 3443 2146 3493 inter
2175 3451 2313 3512 tuos

398 3530 670 3580 habearis
708 3531 1096 3595 praecipuus,
1146 3537 1193 3579 et
1223 3530 1350 3579 inter
1379 3530 1565 3580 alienos
1596 3528 1866 3579 laudabilis.
1931 3581 1933 3584 ,
