<?xml version="1.0" encoding="UTF-8"?>
<!DOCTYPE html PUBLIC "-//W3C//DTD XHTML 1.0 Transitional//EN"
    "http://www.w3.org/TR/xhtml1/DTD/xhtml1-transitional.dtd">
<html xmlns="http://www.w3.org/1999/xhtml" xml:lang="en" lang="en">
 <head>
  <title>
</title>
<meta http-equiv="Content-Type" content="text/html;charset=utf-8" />
  <meta name='ocr-system' content='tesseract 3.04.00' />
  <meta name='ocr-capabilities' content='ocr_page ocr_carea ocr_par ocr_line ocrx_word'/>
</head>
<body>
  <div class='ocr_page' id='page_1' title='image "./commentariorumad01bart_0200.png"; bbox 0 0 2384 3886; ppageno 0'>
   <div class='ocr_carea' id='block_1_1' title="bbox 408 189 529 247">
    <p class='ocr_par' dir='ltr' id='par_1_1' title="bbox 408 189 529 247">
     <span class='ocr_line' id='line_1_1' title="bbox 408 189 529 247; baseline -0.008 -1"><span class='ocrx_word' id='word_1_1' title='bbox 408 189 529 247; x_wconf 81' lang='lat'>192</span> 
     </span>
    </p>
   </div>
   <div class='ocr_carea' id='block_1_2' title="bbox 388 322 2384 1698">
    <p class='ocr_par' dir='ltr' id='par_1_2' title="bbox 389 322 2364 1527">
     <span class='ocr_line' id='line_1_2' title="bbox 404 322 2317 415; baseline 0.002 -27"><span class='ocrx_word' id='word_1_2' title='bbox 404 327 516 389; x_wconf 91' lang='lat' dir='ltr'>loci</span> <span class='ocrx_word' id='word_1_3' title='bbox 560 348 595 387; x_wconf 88' lang='lat' dir='ltr'>a</span> <span class='ocrx_word' id='word_1_4' title='bbox 632 328 866 410; x_wconf 88' lang='lat' dir='ltr'>Regum</span> <span class='ocrx_word' id='word_1_5' title='bbox 909 322 1202 410; x_wconf 83' lang='lat' dir='ltr'><strong>pendebat</strong></span> <span class='ocrx_word' id='word_1_6' title='bbox 1231 323 1513 400; x_wconf 86' lang='lat' dir='ltr'>arbitrio;</span> <span class='ocrx_word' id='word_1_7' title='bbox 1577 324 1843 389; x_wconf 87' lang='lat' dir='ltr'>delectus</span> <span class='ocrx_word' id='word_1_8' title='bbox 1879 329 2100 415; x_wconf 82' lang='lat' dir='ltr'>Episco</span> <span class='ocrx_word' id='word_1_9' title='bbox 2140 330 2161 390; x_wconf 94' lang='lat' dir='ltr'>i</span> <span class='ocrx_word' id='word_1_10' title='bbox 2199 351 2317 391; x_wconf 89' lang='lat' dir='ltr'>non</span> 
     </span>
     <span class='ocr_line' id='line_1_3' title="bbox 401 410 2316 489; baseline 0.002 -17"><span class='ocrx_word' id='word_1_11' title='bbox 401 415 569 484; x_wconf 80' lang='lat' dir='ltr'>item3</span> <span class='ocrx_word' id='word_1_12' title='bbox 628 433 702 474; x_wconf 90' lang='lat' dir='ltr'>ex</span> <span class='ocrx_word' id='word_1_13' title='bbox 734 412 1145 473; x_wconf 85' lang='lat' dir='ltr'>vetustissimo</span> <span class='ocrx_word' id='word_1_14' title='bbox 1183 412 1338 473; x_wconf 91' lang='lat' dir='ltr'>enim</span> <span class='ocrx_word' id='word_1_15' title='bbox 1382 434 1516 489; x_wconf 87' lang='lat' dir='ltr'>usu,</span> <span class='ocrx_word' id='word_1_16' title='bbox 1557 411 1916 474; x_wconf 86' lang='lat' dir='ltr'>Pontificum</span> <span class='ocrx_word' id='word_1_17' title='bbox 1968 410 2059 475; x_wconf 89' lang='lat' dir='ltr'>dei</span> <span class='ocrx_word' id='word_1_18' title='bbox 2142 435 2177 477; x_wconf 87' lang='lat' dir='ltr'>e</span> <span class='ocrx_word' id='word_1_19' title='bbox 2218 414 2316 476; x_wconf 86' lang='lat' dir='ltr'>fir-</span> 
     </span>
     <span class='ocr_line' id='line_1_4' title="bbox 400 495 2317 584; baseline 0.003 -27"><span class='ocrx_word' id='word_1_20' title='bbox 400 508 558 558; x_wconf 86' lang='lat' dir='ltr'>mato</span> <span class='ocrx_word' id='word_1_21' title='bbox 590 495 954 581; x_wconf 87' lang='lat' dir='ltr'>privilegiis,</span> <span class='ocrx_word' id='word_1_22' title='bbox 988 501 1039 575; x_wconf 81' lang='lat'>⁵)</span> <span class='ocrx_word' id='word_1_23' title='bbox 1095 519 1309 558; x_wconf 89' lang='lat' dir='ltr'>munus</span> <span class='ocrx_word' id='word_1_24' title='bbox 1348 495 1715 562; x_wconf 81' lang='lat' dir='ltr'>coronandae</span> <span class='ocrx_word' id='word_1_25' title='bbox 1760 499 2030 584; x_wconf 79' lang='lat' dir='ltr'><strong>Reginae</strong></span> <span class='ocrx_word' id='word_1_26' title='bbox 2071 499 2317 584; x_wconf 83' lang='lat' dir='ltr'>Episco-</span> 
     </span>
     <span class='ocr_line' id='line_1_5' title="bbox 404 581 2316 669; baseline 0.001 -26"><span class='ocrx_word' id='word_1_27' title='bbox 404 604 518 668; x_wconf 87' lang='lat' dir='ltr'>pus</span> <span class='ocrx_word' id='word_1_28' title='bbox 561 583 1072 668; x_wconf 83' lang='lat' dir='ltr'>Veszprimiensis</span> <span class='ocrx_word' id='word_1_29' title='bbox 1116 585 1355 669; x_wconf 81' lang='lat' dir='ltr'>peragit</span> <span class='ocrx_word' id='word_1_30' title='bbox 1401 581 1691 668; x_wconf 83' lang='lat' dir='ltr'>hodieque</span> <span class='ocrx_word' id='word_1_31' title='bbox 1747 581 1906 646; x_wconf 89' lang='lat' dir='ltr'>hunc</span> <span class='ocrx_word' id='word_1_32' title='bbox 1947 581 2008 646; x_wconf 91' lang='lat' dir='ltr'>in</span> <span class='ocrx_word' id='word_1_33' title='bbox 2051 581 2316 647; x_wconf 88' lang='lat' dir='ltr'>modum:</span> 
     </span>
     <span class='ocr_line' id='line_1_6' title="bbox 400 668 2316 754; baseline 0.002 -26"><span class='ocrx_word' id='word_1_34' title='bbox 400 678 467 728; x_wconf 90' lang='lat' dir='ltr'>ut</span> <span class='ocrx_word' id='word_1_35' title='bbox 493 669 564 728; x_wconf 89' lang='lat' dir='ltr'>-si</span> <span class='ocrx_word' id='word_1_36' title='bbox 601 668 732 729; x_wconf 86' lang='lat' dir='ltr'>Rex</span> <span class='ocrx_word' id='word_1_37' title='bbox 769 669 1119 754; x_wconf 88' lang='lat' dir='ltr'>Reginaque</span> <span class='ocrx_word' id='word_1_38' title='bbox 1168 668 1344 730; x_wconf 90' lang='lat' dir='ltr'>simul</span> <span class='ocrx_word' id='word_1_39' title='bbox 1386 671 1857 754; x_wconf 82' lang='lat' dir='ltr'>inaugurentur,</span> <span class='ocrx_word' id='word_1_40' title='bbox 1928 680 2050 732; x_wconf 89' lang='lat' dir='ltr'>tam</span> <span class='ocrx_word' id='word_1_41' title='bbox 2096 670 2316 746; x_wconf 88' lang='lat' dir='ltr'>unctio,</span> 
     </span>
     <span class='ocr_line' id='line_1_7' title="bbox 399 751 2319 840; baseline 0.002 -26"><span class='ocrx_word' id='word_1_42' title='bbox 399 774 573 838; x_wconf 91' lang='lat' dir='ltr'>quam</span> <span class='ocrx_word' id='word_1_43' title='bbox 613 751 903 840; x_wconf 84' lang='lat' dir='ltr'>adpositio</span> <span class='ocrx_word' id='word_1_44' title='bbox 938 776 1189 817; x_wconf 86' lang='lat' dir='ltr'>coronae</span> <span class='ocrx_word' id='word_1_45' title='bbox 1220 757 1402 834; x_wconf 88' lang='lat' dir='ltr'>(ritus</span> <span class='ocrx_word' id='word_1_46' title='bbox 1430 753 1585 815; x_wconf 89' lang='lat' dir='ltr'>enim</span> <span class='ocrx_word' id='word_1_47' title='bbox 1614 754 1714 816; x_wconf 88' lang='lat' dir='ltr'>alii</span> <span class='ocrx_word' id='word_1_48' title='bbox 1739 753 2034 818; x_wconf 89' lang='lat' dir='ltr'>ordinarie</span> <span class='ocrx_word' id='word_1_49' title='bbox 2054 758 2107 834; x_wconf 68' lang='grc' dir='ltr'>θ)</span> <span class='ocrx_word' id='word_1_50' title='bbox 2136 755 2198 816; x_wconf 90' lang='lat' dir='ltr'>in</span> <span class='ocrx_word' id='word_1_51' title='bbox 2223 776 2319 817; x_wconf 90' lang='lat' dir='ltr'>co-</span> 
     </span>
     <span class='ocr_line' id='line_1_8' title="bbox 395 836 2318 924; baseline 0.001 -24"><span class='ocrx_word' id='word_1_52' title='bbox 395 836 678 901; x_wconf 88' lang='lat' dir='ltr'>ronandis</span> <span class='ocrx_word' id='word_1_53' title='bbox 719 841 972 924; x_wconf 82' lang='lat' dir='ltr'>Reginis</span> <span class='ocrx_word' id='word_1_54' title='bbox 1010 862 1128 902; x_wconf 92' lang='lat' dir='ltr'>non</span> <span class='ocrx_word' id='word_1_55' title='bbox 1162 839 1459 918; x_wconf 87' lang='lat' dir='ltr'>obtinent)</span> <span class='ocrx_word' id='word_1_56' title='bbox 1502 838 1575 902; x_wconf 90' lang='lat' dir='ltr'>ad</span> <span class='ocrx_word' id='word_1_57' title='bbox 1613 863 1746 903; x_wconf 92' lang='lat' dir='ltr'>eum</span> <span class='ocrx_word' id='word_1_58' title='bbox 1785 839 2003 918; x_wconf 90' lang='lat' dir='ltr'>solum,</span> <span class='ocrx_word' id='word_1_59' title='bbox 2047 841 2140 901; x_wconf 90' lang='lat' dir='ltr'>sin</span> <span class='ocrx_word' id='word_1_60' title='bbox 2173 850 2318 902; x_wconf 89' lang='lat' dir='ltr'>tem-</span> 
     </span>
     <span class='ocr_line' id='line_1_9' title="bbox 395 922 2318 1012; baseline -0.001 -25"><span class='ocrx_word' id='word_1_61' title='bbox 395 946 541 1010; x_wconf 88' lang='lat' dir='ltr'>pore</span> <span class='ocrx_word' id='word_1_62' title='bbox 577 922 840 987; x_wconf 89' lang='lat' dir='ltr'>diverso:</span> <span class='ocrx_word' id='word_1_63' title='bbox 906 937 1032 988; x_wconf 87' lang='lat' dir='ltr'>tum</span> <span class='ocrx_word' id='word_1_64' title='bbox 1075 926 1276 987; x_wconf 89' lang='lat' dir='ltr'>unctio</span> <span class='ocrx_word' id='word_1_65' title='bbox 1319 922 1393 986; x_wconf 89' lang='lat' dir='ltr'>ad</span> <span class='ocrx_word' id='word_1_66' title='bbox 1440 922 1987 1012; x_wconf 86' lang='lat' dir='ltr'>Archiepiscopum·</span> <span class='ocrx_word' id='word_1_67' title='bbox 2018 922 2318 1010; x_wconf 84' lang='lat' dir='ltr'>Strigoni-</span> 
     </span>
     <span class='ocr_line' id='line_1_10' title="bbox 396 1008 2318 1097; baseline 0.001 -25"><span class='ocrx_word' id='word_1_68' title='bbox 396 1031 631 1087; x_wconf 81' lang='lat' dir='ltr'>ensem,</span> <span class='ocrx_word' id='word_1_69' title='bbox 695 1009 993 1073; x_wconf 88' lang='lat' dir='ltr'>coronatio</span> <span class='ocrx_word' id='word_1_70' title='bbox 1030 1009 1105 1073; x_wconf 86' lang='lat' dir='ltr'>ad</span> <span class='ocrx_word' id='word_1_71' title='bbox 1146 1008 1507 1097; x_wconf 83' lang='lat' dir='ltr'>Episcopum</span> <span class='ocrx_word' id='word_1_72' title='bbox 1543 1009 2097 1097; x_wconf 87' lang='lat' dir='ltr'>Veszprimiensem</span> <span class='ocrx_word' id='word_1_73' title='bbox 2137 1010 2318 1096; x_wconf 89' lang='lat' dir='ltr'>perti-</span> 
     </span>
     <span class='ocr_line' id='line_1_11' title="bbox 393 1093 2364 1181; baseline 0.001 -24"><span class='ocrx_word' id='word_1_74' title='bbox 393 1108 546 1158; x_wconf 87' lang='lat' dir='ltr'>neat.</span> <span class='ocrx_word' id='word_1_75' title='bbox 621 1095 738 1157; x_wconf 90' lang='lat' dir='ltr'>Hic</span> <span class='ocrx_word' id='word_1_76' title='bbox 778 1095 914 1158; x_wconf 81' lang='lat' dir='ltr'>olim</span> <span class='ocrx_word' id='word_1_77' title='bbox 959 1093 1212 1157; x_wconf 85' lang='lat' dir='ltr'>officium</span> <span class='ocrx_word' id='word_1_78' title='bbox 1250 1117 1520 1181; x_wconf 89' lang='lat' dir='ltr'>quoque,</span> <span class='ocrx_word' id='word_1_79' title='bbox 1575 1093 1748 1159; x_wconf 91' lang='lat' dir='ltr'>hodie</span> <span class='ocrx_word' id='word_1_80' title='bbox 1789 1095 2023 1159; x_wconf 88' lang='lat' dir='ltr'>titulum</span> <span class='ocrx_word' id='word_1_81' title='bbox 2066 1107 2318 1171; x_wconf 87' lang='lat' dir='ltr'>tantum,</span> <span class='ocrx_word' id='word_1_82' title='bbox 2359 1164 2364 1170; x_wconf 55' lang='grc'><strong><em>,</em></strong></span> 
     </span>
     <span class='ocr_line' id='line_1_12' title="bbox 391 1178 2314 1268; baseline 0.001 -26"><span class='ocrx_word' id='word_1_83' title='bbox 391 1180 655 1244; x_wconf 90' lang='lat' dir='ltr'>muneris</span> <span class='ocrx_word' id='word_1_84' title='bbox 695 1179 1050 1243; x_wconf 83' lang='lat' dir='ltr'>Cancellarii</span> <span class='ocrx_word' id='word_1_85' title='bbox 1086 1178 1357 1266; x_wconf 89' lang='lat' dir='ltr'>Reginae</span> <span class='ocrx_word' id='word_1_86' title='bbox 1395 1181 1571 1267; x_wconf 89' lang='lat' dir='ltr'>gerit.</span> <span class='ocrx_word' id='word_1_87' title='bbox 1636 1183 1931 1245; x_wconf 87' lang='lat' dir='ltr'>Coronam</span> <span class='ocrx_word' id='word_1_88' title='bbox 1969 1182 2239 1268; x_wconf 78' lang='lat' dir='ltr'>Reginae</span> <span class='ocrx_word' id='word_1_89' title='bbox 2279 1205 2314 1244; x_wconf 88' lang='lat' dir='ltr'>a</span> 
     </span>
     <span class='ocr_line' id='line_1_13' title="bbox 392 1265 2313 1356; baseline 0.002 -28"><span class='ocrx_word' id='word_1_90' title='bbox 392 1289 564 1329; x_wconf 86' lang='lat' dir='ltr'>sacro</span> <span class='ocrx_word' id='word_1_91' title='bbox 600 1265 926 1329; x_wconf 86' lang='lat' dir='ltr'>diademate</span> <span class='ocrx_word' id='word_1_92' title='bbox 952 1290 1069 1330; x_wconf 91' lang='lat' dir='ltr'>non</span> <span class='ocrx_word' id='word_1_93' title='bbox 1095 1266 1448 1330; x_wconf 88' lang='lat' dir='ltr'>auctoritate</span> <span class='ocrx_word' id='word_1_94' title='bbox 1479 1267 1698 1344; x_wconf 90' lang='lat' dir='ltr'>solum,</span> <span class='ocrx_word' id='word_1_95' title='bbox 1744 1266 1851 1332; x_wconf 88' lang='lat' dir='ltr'>sed</span> <span class='ocrx_word' id='word_1_96' title='bbox 1882 1265 2143 1356; x_wconf 88' lang='lat' dir='ltr'>epitheto</span> <span class='ocrx_word' id='word_1_97' title='bbox 2172 1290 2313 1354; x_wconf 92' lang='lat' dir='ltr'>quo-</span> 
     </span>
     <span class='ocr_line' id='line_1_14' title="bbox 393 1351 2313 1440; baseline 0.001 -26"><span class='ocrx_word' id='word_1_98' title='bbox 393 1375 507 1439; x_wconf 91' lang='lat' dir='ltr'>que</span> <span class='ocrx_word' id='word_1_99' title='bbox 556 1351 927 1439; x_wconf 86' lang='lat' dir='ltr'>Reginalis</span> <span class='ocrx_word' id='word_1_100' title='bbox 974 1351 1340 1430; x_wconf 84' lang='lat' dir='ltr'>distinctam,</span> <span class='ocrx_word' id='word_1_101' title='bbox 1391 1353 1478 1416; x_wconf 90' lang='lat' dir='ltr'>uti</span> <span class='ocrx_word' id='word_1_102' title='bbox 1522 1351 1663 1415; x_wconf 90' lang='lat' dir='ltr'>mihi</span> <span class='ocrx_word' id='word_1_103' title='bbox 1699 1353 1961 1431; x_wconf 91' lang='lat' dir='ltr'>videtur,</span> <span class='ocrx_word' id='word_1_104' title='bbox 2012 1371 2313 1440; x_wconf 86' lang='lat' dir='ltr'>nunquam</span> 
     </span>
     <span class='ocr_line' id='line_1_15' title="bbox 389 1436 2315 1527; baseline 0.002 -27"><span class='ocrx_word' id='word_1_105' title='bbox 389 1462 507 1501; x_wconf 92' lang='lat' dir='ltr'>non</span> <span class='ocrx_word' id='word_1_106' title='bbox 539 1436 899 1512; x_wconf 83' lang='lat' dir='ltr'>habuerunt3</span> <span class='ocrx_word' id='word_1_107' title='bbox 929 1444 980 1519; x_wconf 86' lang='lat'>⁷)</span> <span class='ocrx_word' id='word_1_108' title='bbox 1027 1450 1087 1502; x_wconf 90' lang='lat' dir='ltr'>et</span> <span class='ocrx_word' id='word_1_109' title='bbox 1121 1437 1194 1501; x_wconf 91' lang='lat' dir='ltr'>ab</span> <span class='ocrx_word' id='word_1_110' title='bbox 1224 1450 1420 1502; x_wconf 88' lang='lat' dir='ltr'>aetate</span> <span class='ocrx_word' id='word_1_111' title='bbox 1454 1438 1689 1526; x_wconf 87' lang='lat' dir='ltr'>quidem</span> <span class='ocrx_word' id='word_1_112' title='bbox 1721 1438 2083 1503; x_wconf 85' lang='lat' dir='ltr'>Ferdinandi</span> <span class='ocrx_word' id='word_1_113' title='bbox 2109 1442 2155 1501; x_wconf 87' lang='lat'>1.</span> <span class='ocrx_word' id='word_1_114' title='bbox 2181 1437 2315 1527; x_wconf 86' lang='lat' dir='ltr'>ipsa</span> 
     </span>
    </p>

    <p class='ocr_par' dir='ltr' id='par_1_3' title="bbox 388 1524 2384 1698">
     <span class='ocr_line' id='line_1_16' title="bbox 388 1524 2373 1612; baseline 0.002 -26"><span class='ocrx_word' id='word_1_115' title='bbox 388 1547 592 1587; x_wconf 90' lang='lat' dir='ltr'>earum</span> <span class='ocrx_word' id='word_1_116' title='bbox 635 1527 938 1587; x_wconf 88' lang='lat' dir='ltr'>coronatio</span> <span class='ocrx_word' id='word_1_117' title='bbox 985 1547 1101 1587; x_wconf 90' lang='lat' dir='ltr'>usu</span> <span class='ocrx_word' id='word_1_118' title='bbox 1145 1527 1443 1588; x_wconf 84' lang='lat' dir='ltr'>constanti</span> <span class='ocrx_word' id='word_1_119' title='bbox 1472 1524 1563 1591; x_wconf 85' lang='lat' dir='ltr'>sic</span> <span class='ocrx_word' id='word_1_120' title='bbox 1599 1525 1937 1612; x_wconf 89' lang='lat' dir='ltr'>peragitur,</span> <span class='ocrx_word' id='word_1_121' title='bbox 1990 1537 2058 1589; x_wconf 86' lang='lat' dir='ltr'>ut</span> <span class='ocrx_word' id='word_1_122' title='bbox 2093 1547 2313 1609; x_wconf 90' lang='lat' dir='ltr'>corona</span> <span class='ocrx_word' id='word_1_123' title='bbox 2371 1526 2373 1528; x_wconf 66' lang='grc'><strong>’</strong></span> 
     </span>
     <span class='ocr_line' id='line_1_17' title="bbox 390 1609 2384 1698; baseline 0.002 -25"><span class='ocrx_word' id='word_1_124' title='bbox 390 1633 564 1673; x_wconf 87' lang='lat' dir='ltr'>sacra</span> <span class='ocrx_word' id='word_1_125' title='bbox 595 1609 805 1674; x_wconf 86' lang='lat' dir='ltr'>dextro</span> <span class='ocrx_word' id='word_1_126' title='bbox 846 1633 1049 1674; x_wconf 90' lang='lat' dir='ltr'>earum</span> <span class='ocrx_word' id='word_1_127' title='bbox 1083 1609 1328 1674; x_wconf 92' lang='lat' dir='ltr'>humero</span> <span class='ocrx_word' id='word_1_128' title='bbox 1360 1609 1685 1686; x_wconf 85' lang='lat' dir='ltr'>admoveri,</span> <span class='ocrx_word' id='word_1_129' title='bbox 1733 1611 1917 1698; x_wconf 87' lang='lat' dir='ltr'>capiti</span> <span class='ocrx_word' id='word_1_130' title='bbox 1952 1634 2171 1674; x_wconf 89' lang='lat' dir='ltr'>corona</span> <span class='ocrx_word' id='word_1_131' title='bbox 2201 1635 2313 1677; x_wconf 89' lang='lat' dir='ltr'>sua</span> <span class='ocrx_word' id='word_1_132' title='bbox 2377 1652 2384 1666; x_wconf 56' lang='grc' dir='ltr'>ι</span> 
     </span>
    </p>
   </div>
   <div class='ocr_carea' id='block_1_3' title="bbox 388 1694 1280 1783">
    <p class='ocr_par' dir='ltr' id='par_1_4' title="bbox 388 1694 1280 1783">
     <span class='ocr_line' id='line_1_18' title="bbox 388 1694 1280 1783; baseline -0.002 -23"><span class='ocrx_word' id='word_1_133' title='bbox 388 1695 712 1760; x_wconf 88' lang='lat' dir='ltr'>domestica</span> <span class='ocrx_word' id='word_1_134' title='bbox 744 1694 966 1783; x_wconf 90' lang='lat' dir='ltr'>imponi</span> <span class='ocrx_word' id='word_1_135' title='bbox 997 1696 1205 1760; x_wconf 88' lang='lat' dir='ltr'>soleat.</span> <span class='ocrx_word' id='word_1_136' title='bbox 1229 1702 1280 1775; x_wconf 81' lang='lat'>8)</span> 
     </span>
    </p>
   </div>
   <div class='ocr_carea' id='block_1_4' title="bbox 520 1913 1329 1977">
    <p class='ocr_par' dir='ltr' id='par_1_5' title="bbox 520 1913 1329 1977">
     <span class='ocr_line' id='line_1_19' title="bbox 520 1913 1329 1977; baseline 0.005 -15"><span class='ocrx_word' id='word_1_137' title='bbox 520 1917 567 1977; x_wconf 83' lang='lat'>5)</span> <span class='ocrx_word' id='word_1_138' title='bbox 614 1914 817 1966; x_wconf 90' lang='lat' dir='ltr'>Honorii</span> <span class='ocrx_word' id='word_1_139' title='bbox 846 1914 938 1965; x_wconf 92' lang='grc' dir='ltr'>ΡΡ.</span> <span class='ocrx_word' id='word_1_140' title='bbox 976 1915 1036 1965; x_wconf 89' lang='lat' dir='ltr'>de</span> <span class='ocrx_word' id='word_1_141' title='bbox 1065 1931 1110 1966; x_wconf 87' lang='lat' dir='ltr'>a.</span> <span class='ocrx_word' id='word_1_142' title='bbox 1151 1913 1329 1966; x_wconf 77' lang='lat'>1220.</span> 
     </span>
    </p>
   </div>
   <div class='ocr_carea' id='block_1_5' title="bbox 385 2015 2306 2167">
    <p class='ocr_par' dir='ltr' id='par_1_6' title="bbox 385 2015 2306 2167">
     <span class='ocr_line' id='line_1_20' title="bbox 519 2015 2306 2083; baseline 0.003 -19"><span class='ocrx_word' id='word_1_143' title='bbox 519 2018 566 2078; x_wconf 80' lang='lat'>⁶)</span> <span class='ocrx_word' id='word_1_144' title='bbox 614 2015 663 2065; x_wconf 92' lang='lat' dir='ltr'>Si</span> <span class='ocrx_word' id='word_1_145' title='bbox 695 2015 843 2075; x_wconf 87' lang='lat' dir='ltr'>enim,</span> <span class='ocrx_word' id='word_1_146' title='bbox 890 2023 944 2066; x_wconf 83' lang='lat' dir='ltr'>ut</span> <span class='ocrx_word' id='word_1_147' title='bbox 973 2015 1122 2066; x_wconf 87' lang='lat' dir='ltr'>Maria</span> <span class='ocrx_word' id='word_1_148' title='bbox 1153 2017 1190 2067; x_wconf 91' lang='lat' dir='ltr'>I.</span> <span class='ocrx_word' id='word_1_149' title='bbox 1226 2024 1308 2067; x_wconf 85' lang='lat' dir='ltr'>aut</span> <span class='ocrx_word' id='word_1_150' title='bbox 1339 2016 1443 2067; x_wconf 87' lang='lat' dir='ltr'>diva</span> <span class='ocrx_word' id='word_1_151' title='bbox 1481 2016 1628 2066; x_wconf 87' lang='lat' dir='ltr'>Maria</span> <span class='ocrx_word' id='word_1_152' title='bbox 1671 2016 1922 2078; x_wconf 88' lang='lat' dir='ltr'>Theresia‚</span> <span class='ocrx_word' id='word_1_153' title='bbox 1957 2033 2051 2083; x_wconf 87' lang='lat' dir='ltr'>qua</span> <span class='ocrx_word' id='word_1_154' title='bbox 2082 2015 2183 2069; x_wconf 86' lang='lat' dir='ltr'>Rex</span> <span class='ocrx_word' id='word_1_155' title='bbox 2214 2035 2306 2069; x_wconf 90' lang='lat' dir='ltr'>co-</span> 
     </span>
     <span class='ocr_line' id='line_1_21' title="bbox 385 2101 1654 2167; baseline 0 -15"><span class='ocrx_word' id='word_1_156' title='bbox 385 2109 603 2162; x_wconf 85' lang='lat' dir='ltr'>ronatur,</span> <span class='ocrx_word' id='word_1_157' title='bbox 651 2101 984 2167; x_wconf 82' lang='lat' dir='ltr'>praescriptus</span> <span class='ocrx_word' id='word_1_158' title='bbox 1015 2117 1106 2167; x_wconf 90' lang='lat' dir='ltr'>pro</span> <span class='ocrx_word' id='word_1_159' title='bbox 1137 2102 1233 2152; x_wconf 92' lang='lat' dir='ltr'>hoc</span> <span class='ocrx_word' id='word_1_160' title='bbox 1265 2109 1482 2153; x_wconf 86' lang='lat' dir='ltr'>servatur</span> <span class='ocrx_word' id='word_1_161' title='bbox 1511 2102 1654 2153; x_wconf 89' lang='lat' dir='ltr'>ritus.</span> 
     </span>
    </p>
   </div>
   <div class='ocr_carea' id='block_1_6' title="bbox 383 2197 2307 2531">
    <p class='ocr_par' dir='ltr' id='par_1_7' title="bbox 383 2197 2307 2531">
     <span class='ocr_line' id='line_1_22' title="bbox 519 2197 2307 2269; baseline 0.002 -17"><span class='ocrx_word' id='word_1_162' title='bbox 519 2205 564 2265; x_wconf 87' lang='lat'>⁷)</span> <span class='ocrx_word' id='word_1_163' title='bbox 610 2203 838 2268; x_wconf 86' lang='lat' dir='ltr'>Dlugoss.</span> <span class='ocrx_word' id='word_1_164' title='bbox 880 2203 995 2254; x_wconf 89' lang='lat' dir='ltr'>hist.</span> <span class='ocrx_word' id='word_1_165' title='bbox 1035 2203 1207 2254; x_wconf 90' lang='lat' dir='ltr'>Polon.</span> <span class='ocrx_word' id='word_1_166' title='bbox 1242 2203 1274 2252; x_wconf 92' lang='lat' dir='ltr'>l.</span> <span class='ocrx_word' id='word_1_167' title='bbox 1307 2203 1384 2253; x_wconf 90' lang='lat' dir='ltr'>VI.</span> <span class='ocrx_word' id='word_1_168' title='bbox 1429 2219 1479 2269; x_wconf 90' lang='lat' dir='ltr'>p.</span> <span class='ocrx_word' id='word_1_169' title='bbox 1524 2197 1664 2254; x_wconf 65' lang='lat'>614.</span> <span class='ocrx_word' id='word_1_170' title='bbox 1712 2203 1844 2254; x_wconf 83' lang='lat' dir='ltr'>Haec</span> <span class='ocrx_word' id='word_1_171' title='bbox 1883 2203 2164 2267; x_wconf 83' lang='lat' dir='ltr'>(Gertrudis</span> <span class='ocrx_word' id='word_1_172' title='bbox 2203 2206 2307 2255; x_wconf 85' lang='lat' dir='ltr'>An-</span> 
     </span>
     <span class='ocr_line' id='line_1_23' title="bbox 384 2284 2299 2356; baseline 0.001 -17"><span class='ocrx_word' id='word_1_173' title='bbox 384 2289 529 2339; x_wconf 86' lang='lat' dir='ltr'>dreae</span> <span class='ocrx_word' id='word_1_174' title='bbox 559 2290 619 2340; x_wconf 94' lang='lat' dir='ltr'>II.</span> <span class='ocrx_word' id='word_1_175' title='bbox 654 2289 799 2354; x_wconf 86' lang='lat' dir='ltr'>Regis</span> <span class='ocrx_word' id='word_1_176' title='bbox 831 2289 993 2355; x_wconf 84' lang='lat' dir='ltr'>Hung.</span> <span class='ocrx_word' id='word_1_177' title='bbox 1030 2289 1245 2356; x_wconf 87' lang='lat' dir='ltr'>Conjux)</span> <span class='ocrx_word' id='word_1_178' title='bbox 1278 2288 1394 2339; x_wconf 89' lang='lat' dir='ltr'>dum</span> <span class='ocrx_word' id='word_1_179' title='bbox 1429 2289 1631 2350; x_wconf 82' lang='lat' dir='ltr'>viveret,</span> <span class='ocrx_word' id='word_1_180' title='bbox 1679 2290 1730 2339; x_wconf 91' lang='lat' dir='ltr'>in</span> <span class='ocrx_word' id='word_1_181' title='bbox 1766 2288 2008 2339; x_wconf 87' lang='lat' dir='ltr'>Eclesiam</span> <span class='ocrx_word' id='word_1_182' title='bbox 2048 2284 2299 2341; x_wconf 75' lang='lat' dir='ltr'>Vratislav.</span> 
     </span>
     <span class='ocr_line' id='line_1_24' title="bbox 383 2374 2300 2438; baseline 0.001 -13"><span class='ocrx_word' id='word_1_183' title='bbox 383 2375 630 2426; x_wconf 85' lang='lat' dir='ltr'>liberalem</span> <span class='ocrx_word' id='word_1_184' title='bbox 676 2390 728 2425; x_wconf 88' lang='lat' dir='ltr'>se</span> <span class='ocrx_word' id='word_1_185' title='bbox 765 2374 1000 2425; x_wconf 88' lang='lat' dir='ltr'>exhibens</span> <span class='ocrx_word' id='word_1_186' title='bbox 1038 2382 1086 2426; x_wconf 80' lang='lat' dir='ltr'>et</span> <span class='ocrx_word' id='word_1_187' title='bbox 1120 2374 1430 2436; x_wconf 88' lang='lat' dir='ltr'>munificam,</span> <span class='ocrx_word' id='word_1_188' title='bbox 1492 2374 1707 2425; x_wconf 91' lang='lat' dir='ltr'>nobilem</span> <span class='ocrx_word' id='word_1_189' title='bbox 1761 2391 1826 2425; x_wconf 91' lang='lat' dir='ltr'>co</span> <span class='ocrx_word' id='word_1_190' title='bbox 1839 2390 2041 2425; x_wconf 84' lang='lat' dir='ltr'>ronam</span> <span class='ocrx_word' id='word_1_191' title='bbox 2085 2391 2300 2438; x_wconf 87' lang='lat' dir='ltr'>auream,</span> 
     </span>
     <span class='ocr_line' id='line_1_25' title="bbox 383 2459 2301 2531; baseline 0.002 -21"><span class='ocrx_word' id='word_1_192' title='bbox 383 2477 527 2527; x_wconf 83' lang='lat' dir='ltr'>quam</span> <span class='ocrx_word' id='word_1_193' title='bbox 568 2477 659 2527; x_wconf 89' lang='lat' dir='ltr'>pro</span> <span class='ocrx_word' id='word_1_194' title='bbox 695 2467 984 2531; x_wconf 84' lang='lat' dir='ltr'>ornamento</span> <span class='ocrx_word' id='word_1_195' title='bbox 1031 2461 1202 2511; x_wconf 89' lang='lat' dir='ltr'>diebus</span> <span class='ocrx_word' id='word_1_196' title='bbox 1246 2459 1549 2512; x_wconf 87' lang='lat' dir='ltr'>solemnibus</span> <span class='ocrx_word' id='word_1_197' title='bbox 1597 2467 1789 2526; x_wconf 77' lang='lat' dir='ltr'>gestare</span> <span class='ocrx_word' id='word_1_198' title='bbox 1826 2468 2167 2523; x_wconf 84' lang='lat' dir='ltr'>consveverat,</span> <span class='ocrx_word' id='word_1_199' title='bbox 2225 2462 2301 2513; x_wconf 89' lang='lat' dir='ltr'>ei-</span> 
     </span>
    </p>
   </div>
   <div class='ocr_carea' id='block_1_7' title="bbox 285 2545 2373 2612">
    <p class='ocr_par' dir='ltr' id='par_1_8' title="bbox 285 2545 2373 2612">
     <span class='ocr_line' id='line_1_26' title="bbox 285 2545 2373 2612; baseline 0.001 -16"><span class='ocrx_word' id='word_1_200' title='bbox 285 2599 288 2602; x_wconf 60' lang='lat'>,</span> <span class='ocrx_word' id='word_1_201' title='bbox 382 2547 491 2597; x_wconf 87' lang='lat' dir='ltr'>dem</span> <span class='ocrx_word' id='word_1_202' title='bbox 534 2546 754 2597; x_wconf 85' lang='lat' dir='ltr'>Eclesiae</span> <span class='ocrx_word' id='word_1_203' title='bbox 789 2547 1146 2597; x_wconf 87' lang='lat' dir='ltr'>Vratislaviensi</span> <span class='ocrx_word' id='word_1_204' title='bbox 1180 2546 1452 2597; x_wconf 85' lang='lat' dir='ltr'>transmisit</span> <span class='ocrx_word' id='word_1_205' title='bbox 1489 2553 1582 2597; x_wconf 86' lang='lat' dir='ltr'>cet.</span> <span class='ocrx_word' id='word_1_206' title='bbox 1630 2545 1834 2598; x_wconf 86' lang='lat' dir='ltr'>Isabella</span> <span class='ocrx_word' id='word_1_207' title='bbox 1875 2560 2083 2597; x_wconf 87' lang='lat' dir='ltr'>consors</span> <span class='ocrx_word' id='word_1_208' title='bbox 2126 2546 2303 2598; x_wconf 87' lang='lat' dir='ltr'>Ladis-</span> <span class='ocrx_word' id='word_1_209' title='bbox 2361 2604 2373 2612; x_wconf 55' lang='grc'><em>,</em></span> 
     </span>
    </p>
   </div>
   <div class='ocr_carea' id='block_1_8' title="bbox 377 2629 2367 3297">
    <p class='ocr_par' dir='ltr' id='par_1_9' title="bbox 377 2629 2381 3297">
     <span class='ocr_line' id='line_1_27' title="bbox 381 2629 2300 2699; baseline 0.001 -17"><span class='ocrx_word' id='word_1_210' title='bbox 381 2632 442 2683; x_wconf 90' lang='lat' dir='ltr'>lai</span> <span class='ocrx_word' id='word_1_211' title='bbox 482 2633 558 2683; x_wconf 93' lang='lat' dir='ltr'>lV.</span> <span class='ocrx_word' id='word_1_212' title='bbox 598 2633 648 2683; x_wconf 93' lang='lat' dir='ltr'>in</span> <span class='ocrx_word' id='word_1_213' title='bbox 684 2632 837 2684; x_wconf 85' lang='lat' dir='ltr'>literis</span> <span class='ocrx_word' id='word_1_214' title='bbox 871 2632 1094 2683; x_wconf 84' lang='lat' dir='ltr'>Eclesiae</span> <span class='ocrx_word' id='word_1_215' title='bbox 1137 2632 1511 2699; x_wconf 88' lang='lat' dir='ltr'>Veszprimiensi</span> <span class='ocrx_word' id='word_1_216' title='bbox 1549 2649 1594 2683; x_wconf 91' lang='lat' dir='ltr'>a.</span> <span class='ocrx_word' id='word_1_217' title='bbox 1643 2629 2100 2698; x_wconf 62' lang='lat' dir='ltr'>12801mpertitis</span> <span class='ocrx_word' id='word_1_218' title='bbox 2147 2649 2300 2695; x_wconf 84' lang='lat' dir='ltr'>„cum</span> 
     </span>
     <span class='ocr_line' id='line_1_28' title="bbox 379 2703 2340 2785; baseline 0.001 -18"><span class='ocrx_word' id='word_1_219' title='bbox 379 2718 430 2767; x_wconf 89' lang='lat' dir='ltr'>in</span> <span class='ocrx_word' id='word_1_220' title='bbox 471 2718 705 2783; x_wconf 83' lang='lat' dir='ltr'>Reginam</span> <span class='ocrx_word' id='word_1_221' title='bbox 744 2718 907 2784; x_wconf 83' lang='lat' dir='ltr'>Hung.</span> <span class='ocrx_word' id='word_1_222' title='bbox 956 2718 1186 2770; x_wconf 84' lang='lat' dir='ltr'>inunctae</span> <span class='ocrx_word' id='word_1_223' title='bbox 1221 2703 1486 2769; x_wconf 84' lang='lat' dir='ltr'>fuissemus</span> <span class='ocrx_word' id='word_1_224' title='bbox 1513 2727 1563 2769; x_wconf 87' lang='lat' dir='ltr'>et</span> <span class='ocrx_word' id='word_1_225' title='bbox 1593 2718 1694 2769; x_wconf 87' lang='lat' dir='ltr'>Deo</span> <span class='ocrx_word' id='word_1_226' title='bbox 1731 2717 1945 2784; x_wconf 87' lang='lat' dir='ltr'>propitio</span> <span class='ocrx_word' id='word_1_227' title='bbox 1985 2718 2300 2785; x_wconf 84' lang='lat' dir='ltr'>suscepisse·</span> <span class='ocrx_word' id='word_1_228' title='bbox 2335 2776 2340 2783; x_wconf 23' lang='grc' dir='ltr'>ι</span> 
     </span>
     <span class='ocr_line' id='line_1_29' title="bbox 380 2803 2299 2870; baseline 0.001 -17"><span class='ocrx_word' id='word_1_229' title='bbox 380 2819 491 2853; x_wconf 90' lang='lat' dir='ltr'>mus</span> <span class='ocrx_word' id='word_1_230' title='bbox 528 2804 799 2869; x_wconf 85' lang='lat' dir='ltr'>reginale</span> <span class='ocrx_word' id='word_1_231' title='bbox 841 2804 1123 2855; x_wconf 84' lang='lat' dir='ltr'>diadema.“</span> <span class='ocrx_word' id='word_1_232' title='bbox 1171 2804 1314 2862; x_wconf 86' lang='lat' dir='ltr'>Quod</span> <span class='ocrx_word' id='word_1_233' title='bbox 1344 2804 1516 2854; x_wconf 87' lang='lat' dir='ltr'>eximie</span> <span class='ocrx_word' id='word_1_234' title='bbox 1549 2804 1757 2854; x_wconf 87' lang='lat' dir='ltr'>illustrat</span> <span class='ocrx_word' id='word_1_235' title='bbox 1789 2803 1966 2869; x_wconf 82' lang='lat' dir='ltr'>vulgati</span> <span class='ocrx_word' id='word_1_236' title='bbox 2001 2819 2161 2870; x_wconf 88' lang='lat' dir='ltr'>nuper</span> <span class='ocrx_word' id='word_1_237' title='bbox 2195 2804 2299 2855; x_wconf 91' lang='lat' dir='ltr'>Co-</span> 
     </span>
     <span class='ocr_line' id='line_1_30' title="bbox 380 2885 2296 2952; baseline 0.001 -14"><span class='ocrx_word' id='word_1_238' title='bbox 380 2896 548 2940; x_wconf 86' lang='lat' dir='ltr'>ment:</span> <span class='ocrx_word' id='word_1_239' title='bbox 593 2890 691 2939; x_wconf 85' lang='lat' dir='ltr'>Aus</span> <span class='ocrx_word' id='word_1_240' title='bbox 728 2888 823 2939; x_wconf 87' lang='lat' dir='ltr'>den</span> <span class='ocrx_word' id='word_1_241' title='bbox 858 2889 1152 2940; x_wconf 78' lang='lat' dir='ltr'>Denkwurd.</span> <span class='ocrx_word' id='word_1_242' title='bbox 1192 2888 1280 2939; x_wconf 89' lang='lat' dir='ltr'>der</span> <span class='ocrx_word' id='word_1_243' title='bbox 1323 2889 1431 2939; x_wconf 87' lang='lat' dir='ltr'>Hel.</span> <span class='ocrx_word' id='word_1_244' title='bbox 1474 2887 1670 2940; x_wconf 82' lang='lat' dir='ltr'>Kottan.</span> <span class='ocrx_word' id='word_1_245' title='bbox 1733 2904 1871 2939; x_wconf 89' lang='lat' dir='ltr'>num.</span> <span class='ocrx_word' id='word_1_246' title='bbox 1912 2885 1968 2939; x_wconf 84' lang='lat'>9.</span> <span class='ocrx_word' id='word_1_247' title='bbox 2042 2889 2296 2952; x_wconf 85' lang='lat' dir='ltr'>„darnach</span> 
     </span>
     <span class='ocr_line' id='line_1_31' title="bbox 379 2968 2367 3040; baseline 0.001 -15"><span class='ocrx_word' id='word_1_248' title='bbox 379 2990 560 3025; x_wconf 91' lang='lat' dir='ltr'>nomen</span> <span class='ocrx_word' id='word_1_249' title='bbox 598 2975 668 3024; x_wconf 90' lang='lat' dir='ltr'>sie</span> <span class='ocrx_word' id='word_1_250' title='bbox 705 2974 781 3024; x_wconf 90' lang='lat' dir='ltr'>die</span> <span class='ocrx_word' id='word_1_251' title='bbox 818 2974 1028 3040; x_wconf 87' lang='lat' dir='ltr'>heiligen</span> <span class='ocrx_word' id='word_1_252' title='bbox 1064 2973 1197 3024; x_wconf 89' lang='lat' dir='ltr'>Kron</span> <span class='ocrx_word' id='word_1_253' title='bbox 1239 2973 1301 3024; x_wconf 94' lang='lat' dir='ltr'>do</span> <span class='ocrx_word' id='word_1_254' title='bbox 1338 2973 1514 3025; x_wconf 88' lang='lat' dir='ltr'>stuend</span> <span class='ocrx_word' id='word_1_255' title='bbox 1552 2975 1629 3025; x_wconf 90' lang='lat' dir='ltr'>die</span> <span class='ocrx_word' id='word_1_256' title='bbox 1665 2968 1818 3025; x_wconf 87' lang='lat' dir='ltr'>ander</span> <span class='ocrx_word' id='word_1_257' title='bbox 1853 2973 1986 3025; x_wconf 90' lang='lat' dir='ltr'>Kron</span> <span class='ocrx_word' id='word_1_258' title='bbox 2019 2975 2144 3026; x_wconf 87' lang='lat' dir='ltr'>auch</span> <span class='ocrx_word' id='word_1_259' title='bbox 2190 2975 2293 3038; x_wconf 85' lang='lat' dir='ltr'>iun,</span> <span class='ocrx_word' id='word_1_260' title='bbox 2362 2976 2367 2983; x_wconf 86' lang='lat'>&#39;</span> 
     </span>
     <span class='ocr_line' id='line_1_32' title="bbox 380 3058 2293 3127; baseline 0 -16"><span class='ocrx_word' id='word_1_261' title='bbox 380 3061 530 3111; x_wconf 86' lang='lat' dir='ltr'>damit</span> <span class='ocrx_word' id='word_1_262' title='bbox 573 3075 686 3111; x_wconf 86' lang='lat' dir='ltr'>man</span> <span class='ocrx_word' id='word_1_263' title='bbox 732 3059 808 3110; x_wconf 90' lang='lat' dir='ltr'>die</span> <span class='ocrx_word' id='word_1_264' title='bbox 854 3059 1027 3112; x_wconf 88' lang='lat' dir='ltr'>edelen</span> <span class='ocrx_word' id='word_1_265' title='bbox 1073 3059 1319 3125; x_wconf 78' lang='lat' dir='ltr'>Kflniginn</span> <span class='ocrx_word' id='word_1_266' title='bbox 1363 3058 1488 3110; x_wconf 86' lang='lat' dir='ltr'>auch</span> <span class='ocrx_word' id='word_1_267' title='bbox 1540 3059 1747 3126; x_wconf 83' lang='lat' dir='ltr'>gekront</span> <span class='ocrx_word' id='word_1_268' title='bbox 1790 3060 1898 3121; x_wconf 85' lang='lat' dir='ltr'>hat,</span> <span class='ocrx_word' id='word_1_269' title='bbox 1973 3077 2032 3111; x_wconf 92' lang='lat' dir='ltr'>zu</span> <span class='ocrx_word' id='word_1_270' title='bbox 2076 3060 2293 3127; x_wconf 87' lang='lat' dir='ltr'>Ungern.</span> 
     </span>
     <span class='ocr_line' id='line_1_33' title="bbox 377 3142 2296 3212; baseline 0.001 -16"><span class='ocrx_word' id='word_1_271' title='bbox 377 3146 521 3197; x_wconf 87' lang='lat' dir='ltr'>Num.</span> <span class='ocrx_word' id='word_1_272' title='bbox 571 3142 665 3197; x_wconf 88' lang='grc'>13.</span> <span class='ocrx_word' id='word_1_273' title='bbox 717 3145 996 3212; x_wconf 82' lang='lat' dir='ltr'>„empfalch</span> <span class='ocrx_word' id='word_1_274' title='bbox 1023 3146 1118 3195; x_wconf 91' lang='lat' dir='ltr'>mir</span> <span class='ocrx_word' id='word_1_275' title='bbox 1152 3145 1278 3196; x_wconf 86' lang='lat' dir='ltr'>auch</span> <span class='ocrx_word' id='word_1_276' title='bbox 1305 3144 1347 3195; x_wconf 90' lang='lat' dir='ltr'>ir</span> <span class='ocrx_word' id='word_1_277' title='bbox 1373 3145 1506 3195; x_wconf 87' lang='lat' dir='ltr'>Kron</span> <span class='ocrx_word' id='word_1_278' title='bbox 1531 3183 1542 3195; x_wconf 93' lang='lat'>.</span> <span class='ocrx_word' id='word_1_279' title='bbox 1568 3184 1579 3196; x_wconf 91' lang='lat'>.</span> <span class='ocrx_word' id='word_1_280' title='bbox 1606 3184 1617 3195; x_wconf 90' lang='lat'>.</span> <span class='ocrx_word' id='word_1_281' title='bbox 1640 3145 1757 3196; x_wconf 86' lang='lat' dir='ltr'>alles</span> <span class='ocrx_word' id='word_1_282' title='bbox 1784 3146 1831 3196; x_wconf 92' lang='lat' dir='ltr'>in</span> <span class='ocrx_word' id='word_1_283' title='bbox 1859 3145 2114 3197; x_wconf 90' lang='lat' dir='ltr'>derselben</span> <span class='ocrx_word' id='word_1_284' title='bbox 2144 3145 2296 3197; x_wconf 87' lang='lat' dir='ltr'>Kam-</span> 
     </span>
     <span class='ocr_line' id='line_1_34' title="bbox 377 3227 2290 3297; baseline 0.002 -16"><span class='ocrx_word' id='word_1_285' title='bbox 377 3248 499 3294; x_wconf 89' lang='lat' dir='ltr'>mer,</span> <span class='ocrx_word' id='word_1_286' title='bbox 549 3233 607 3283; x_wconf 82' lang='lat' dir='ltr'>da</span> <span class='ocrx_word' id='word_1_287' title='bbox 635 3231 790 3283; x_wconf 87' lang='lat' dir='ltr'>durch</span> <span class='ocrx_word' id='word_1_288' title='bbox 823 3248 934 3282; x_wconf 88' lang='lat' dir='ltr'>man</span> <span class='ocrx_word' id='word_1_289' title='bbox 966 3231 1132 3297; x_wconf 84' lang='lat' dir='ltr'>inging</span> <span class='ocrx_word' id='word_1_290' title='bbox 1165 3248 1221 3282; x_wconf 90' lang='lat' dir='ltr'>zu</span> <span class='ocrx_word' id='word_1_291' title='bbox 1250 3231 1337 3281; x_wconf 88' lang='lat' dir='ltr'>der</span> <span class='ocrx_word' id='word_1_292' title='bbox 1362 3231 1568 3297; x_wconf 83' lang='lat' dir='ltr'>heiligen</span> <span class='ocrx_word' id='word_1_293' title='bbox 1605 3230 1755 3283; x_wconf 89' lang='lat' dir='ltr'>Kron.</span> <span class='ocrx_word' id='word_1_294' title='bbox 1795 3231 1927 3283; x_wconf 86' lang='lat' dir='ltr'>Haec</span> <span class='ocrx_word' id='word_1_295' title='bbox 1956 3232 2014 3284; x_wconf 89' lang='lat' dir='ltr'>ad</span> <span class='ocrx_word' id='word_1_296' title='bbox 2041 3249 2085 3283; x_wconf 87' lang='lat' dir='ltr'>a.</span> <span class='ocrx_word' id='word_1_297' title='bbox 2113 3227 2290 3295; x_wconf 67' lang='lat'>1439,</span> 
     </span>
    </p>
   </div>
   <div class='ocr_carea' id='block_1_9' title="bbox 383 3313 559 3368">
    <p class='ocr_par' dir='ltr' id='par_1_10' title="bbox 383 3313 559 3368">
     <span class='ocr_line' id='line_1_35' title="bbox 383 3313 559 3368; baseline 0.006 -1"><span class='ocrx_word' id='word_1_298' title='bbox 383 3313 559 3368; x_wconf 65' lang='lat'>1440.</span> 
     </span>
    </p>
   </div>
   <div class='ocr_carea' id='block_1_10' title="bbox 378 3414 2285 3571">
    <p class='ocr_par' dir='ltr' id='par_1_11' title="bbox 378 3414 2285 3571">
     <span class='ocr_line' id='line_1_36' title="bbox 509 3414 2285 3486; baseline 0 -17"><span class='ocrx_word' id='word_1_299' title='bbox 509 3418 559 3485; x_wconf 83' lang='lat'>8)</span> <span class='ocrx_word' id='word_1_300' title='bbox 591 3420 705 3469; x_wconf 87' lang='lat' dir='ltr'>Vide</span> <span class='ocrx_word' id='word_1_301' title='bbox 746 3419 892 3486; x_wconf 89' lang='lat' dir='ltr'>Casp.</span> <span class='ocrx_word' id='word_1_302' title='bbox 935 3419 1044 3469; x_wconf 76' lang='lat' dir='ltr'>Urs,</span> <span class='ocrx_word' id='word_1_303' title='bbox 1086 3418 1201 3469; x_wconf 90' lang='lat' dir='ltr'>Velii</span> <span class='ocrx_word' id='word_1_304' title='bbox 1241 3419 1299 3469; x_wconf 86' lang='lat' dir='ltr'>de</span> <span class='ocrx_word' id='word_1_305' title='bbox 1339 3417 1450 3470; x_wconf 86' lang='lat' dir='ltr'>bell.</span> <span class='ocrx_word' id='word_1_306' title='bbox 1492 3435 1642 3484; x_wconf 84' lang='lat' dir='ltr'>pann.</span> <span class='ocrx_word' id='word_1_307' title='bbox 1685 3418 1716 3471; x_wconf 90' lang='lat' dir='ltr'>l.</span> <span class='ocrx_word' id='word_1_308' title='bbox 1759 3417 1819 3470; x_wconf 88' lang='grc' dir='ltr'>ΙΙ.</span> <span class='ocrx_word' id='word_1_309' title='bbox 1861 3434 1909 3486; x_wconf 87' lang='lat' dir='ltr'>p.</span> <span class='ocrx_word' id='word_1_310' title='bbox 1954 3414 2051 3470; x_wconf 89' lang='lat'>38.</span> <span class='ocrx_word' id='word_1_311' title='bbox 2086 3426 2134 3469; x_wconf 84' lang='lat' dir='ltr'>et</span> <span class='ocrx_word' id='word_1_312' title='bbox 2163 3415 2285 3471; x_wconf 83' lang='lat' dir='ltr'>Hist.</span> 
     </span>
     <span class='ocr_line' id='line_1_37' title="bbox 378 3501 2054 3571; baseline 0.002 -19"><span class='ocrx_word' id='word_1_313' title='bbox 378 3503 557 3555; x_wconf 85' lang='lat' dir='ltr'>Coron.</span> <span class='ocrx_word' id='word_1_314' title='bbox 593 3504 735 3555; x_wconf 84' lang='lat' dir='ltr'>Ferd.</span> <span class='ocrx_word' id='word_1_315' title='bbox 770 3505 806 3555; x_wconf 90' lang='lat' dir='ltr'>I.</span> <span class='ocrx_word' id='word_1_316' title='bbox 842 3505 957 3556; x_wconf 90' lang='lat' dir='ltr'>ibid.</span> <span class='ocrx_word' id='word_1_317' title='bbox 992 3519 1102 3571; x_wconf 84' lang='lat' dir='ltr'>pag.</span> <span class='ocrx_word' id='word_1_318' title='bbox 1141 3501 1278 3554; x_wconf 85' lang='lat'>188.</span> <span class='ocrx_word' id='word_1_319' title='bbox 2046 3524 2054 3531; x_wconf 93' lang='lat'><em>·</em></span> 
     </span>
    </p>
   </div>
  </div>
 </body>
</html>
