2384 3886
428 235 550 293 262
588 310 591 313 ¹

430 395 559 434 rum
596 393 788 457 poenu
823 370 1130 434 literarum
1175 369 1390 434 sumtis
1408 418 1425 449 ,
1456 369 1584 433 sine
1614 368 1960 454 arrogantia
1989 380 2050 433 et
2084 369 2338 458 trepida.-

429 457 617 533 tione,
670 478 916 540 eumque
949 455 1020 518 ad
1057 453 1290 524 modum
1331 476 1751 543 proponerem,
1795 477 1915 537 non
1946 464 2013 516 ut
2047 453 2176 541 ipse
2213 478 2340 520 rem

428 542 684 605 verbosa
717 540 1121 619 contentione,
1180 540 1286 604 sed
1311 565 1444 619 res,
1505 563 1615 604 sua
1648 563 1716 603 se
1751 551 1963 626 sponte
1994 539 2341 626 explicaret3

427 626 541 690 hoc
564 626 625 688 in
699 627 961 690 raesenti
989 639 1371 712 argumento,
1422 638 1704 713 tantaque
1752 647 1930 688 secus
1963 624 2341 689 sentientium

428 649 835 790 multituiline,
880 712 1173 800 impendio
1205 712 1399 775 man-is
1440 711 1759 776 tenendum
1789 709 2110 798 perspicio,
2151 733 2342 797 neque

430 821 499 862 eo
535 798 731 860 minus
775 798 993 876 enitar,
1048 819 1123 861 ne
1158 801 1271 860 sim
1330 796 1558 894 ongior.
1610 794 1870 871 Idcirco,
1925 794 2062 882 quid
2093 795 2343 860 Priscus

429 882 518 959 de,
542 882 887 970 Onesegio?
905 890 955 964 3)
1006 881 1144 970 quid
1180 881 1251 946 de
1286 881 1575 958 ministris
1619 881 1898 969 dapiferis
1936 881 2344 969 etrpoculato-

430 969 598 1032 ribus
643 967 717 1032 ad
767 992 1008 1034 coenam
1054 968 1260 1034 Atilae
1313 966 1822 1031 inservientibus?
1885 965 1958 1031 ad
2001 966 2342 1031 memoriam

430 1053 901 1140 consignaverit;
927 1061 981 1135 4)
1039 1076 1190 1140 quae
1230 1052 1466 1116 Barthii
1512 1052 1584 1117 de
1624 1075 1808 1116 coena
1837 1051 2017 1140 hujus
2060 1064 2122 1116 et
2169 1052 2344 1116 simili

429 1139 639 1204 deinde
671 1139 1021 1203 solemnium
1055 1138 1211 1227 apud
1237 1138 1551 1227 Principes
1586 1140 1862 1225 Europae
1895 1138 2198 1226 epularum
2225 1161 2345 1201 ma-

427 1225 771 1311 gnificentia
809 1224 1136 1313 probabilis
1174 1230 1516 1309 conjectura
1554 1223 1678 1288 sit?
1736 1246 2194 1288 commemorare
2244 1247 2343 1287 su-

424 1309 733 1399 persedeo.
779 1312 954 1398 Ipsos
985 1310 1131 1375 adeo
1155 1309 1508 1399 praecipuos
1540 1308 1822 1374 Andreae
1854 1312 1931 1388 1.,
1977 1333 2025 1372 S.
2057 1308 2346 1387 Ladislai,

429 1397 779 1460 Colomanni
830 1395 1210 1467 duumviros:
1247 1395 1579 1472 Comitem
1625 1407 1692 1459 et
1731 1393 2050 1459 Judicem
2091 1399 2153 1458 in
2188 1393 2348 1459 aliud

428 1481 635 1547 differo
683 1494 944 1570 tempus3
1007 1480 1083 1546 ad
1125 1484 1396 1546 Francos
1418 1504 1767 1570 properans
1805 1483 2157 1546 Hunnorum
2190 1479 2346 1569 apud

428 1567 875 1635 celeberrimum
905 1566 1223 1633 Gvizotum
1242 1568 1541 1645 aemulo&
1587 1567 1983 1653 Carolumque
2024 1568 2346 1654 Magnum,

427 1677 601 1742 quem
629 1653 680 1717 d.
705 1651 1048 1742 Stephanus
1072 1676 1308 1740 semper
1326 1654 1426 1718 ille
1450 1651 1680 1740 quidem
1705 1651 1767 1715 in
1798 1652 1987 1716 oculis
2010 1652 2260 1731 ferebat,
2286 1652 2347 1715 in

426 1738 807 1828 perpoliendo
833 1752 1032 1804 tamen
1058 1738 1276 1813 Palatii
1303 1739 1527 1807 Ordine
1550 1737 1828 1814 maxime3
1871 1737 2026 1825 quod
2045 1750 2214 1809 tanta
2233 1737 2348 1808 Mi,-

428 1826 753 1890 nistrorum
794 1828 953 1913 ejus,
995 1848 1128 1889 cum
1149 1822 1277 1904 his,
1319 1824 1536 1913 quibus
1583 1822 1933 1912 Stephanus
1973 1823 2179 1889 Atilae
2226 1827 2348 1887 Ar-

428 1911 681 2000 padique
732 1934 897 1976 more
938 1918 989 1992 ⁵)
1054 1909 1247 1974 adhuc
1301 1910 1615 1989 utebatur,
1669 1923 1832 1974 esset
1875 1909 2231 1989 similitudo,
2282 1923 2350 1974 ut

429 2020 564 2061 eum
607 1996 890 2062 imitando
935 2020 1053 2061 non
1097 1995 1272 2061 alieni
1317 2009 1556 2075 auctor,
1600 1995 1708 2060 sed
1745 1995 2054 2060 domestici
2091 1996 2347 2083 locuple-

428 2095 595 2146 rator
658 2082 916 2147 instituti
973 2083 1100 2147 fore
1152 2080 1491 2148 rideretur..
1558 2080 1904 2159 „Palatium
1965 2081 2194 2160 Caroli,
2264 2081 2351 2145 ita

428 2169 791 2234 Hincmarus
835 2166 1343 2255 Archiepiscopus
1393 2165 1602 2231 harum
1651 2189 1851 2230 rerum
1911 2167 2350 2231 scientissimus

430 2254 839 2342 classicusque
869 2254 1074 2331 testis,
1124 2276 1232 2340 per
1254 2252 1367 2325 hos
1389 2252 1706 2317 Ministros
1737 2251 2185 2339 disponebatur:
2211 2319 2214 2322 ,
2243 2273 2349 2341 per

431 2338 1237 2419 camerariumvidelicet,
1276 2351 1338 2406 et
1366 2338 1704 2407 Comitem
1749 2338 2039 2418 Palatii,
2083 2341 2346 2406 Senes-

565 2590 613 2652 3)
660 2589 780 2655 Cap.
814 2589 876 2640 Π.
917 2593 947 2650 S
983 2587 1077 2641 17.
1123 2577 1236 2640 cum
1266 2589 1387 2664 Atila
1416 2605 1508 2657 pro
1531 2588 1763 2647 tribunali
1793 2588 1935 2639 sedit.

561 2691 611 2751 4)
656 2689 779 2740 Ibid.
811 2695 842 2751 §
876 2687 971 2741 19.
1012 2690 1147 2741 Idem
1176 2690 1374 2742 Priscus
1405 2690 1554 2741 homo
1585 2706 1790 2757 graecus
1821 2688 1953 2752 „Hic
1981 2688 2263 2755 pincernae,
2294 2696 2350 2742 ut

435 2790 544 2825 mos
564 2782 641 2825 est
662 2775 720 2826 in
743 2775 868 2829 illis
893 2776 1246 2842 regionibus
1271 2780 1396 2840 (non
1416 2792 1534 2842 ergo
1550 2776 1775 2839 Bizantii)
1802 2775 2003 2826 calicem
2025 2775 2344 2846 tradiderunt.

433 2860 619 2913 Deinde
658 2861 847 2926 primus
883 2861 934 2911 in
976 2862 1191 2912 medium
1230 2863 1441 2913 accessit
1467 2862 1617 2912 Atilae
1647 2861 1871 2925 minister
1899 2860 2087 2911 discum
2122 2861 2349 2924 carnibus

432 2946 633 3012 plenum
678 2947 865 3009 serem,
923 2953 1038 3017 post
1083 2948 1272 3014 ipsum,
1329 2948 1411 3013 qui
1460 2947 1660 3013 reliquis
1699 2939 2082 2996 ministrabant(
2125 2946 2348 2997 Convivis

429 3047 577 3082 aurea
607 3038 656 3081 et
684 3038 912 3096 argentea
941 3031 1135 3097 pocula,
1169 3032 1346 3097 quibus
1375 3032 1621 3093 bibebant,
1655 3031 2152 3098 suppeditabantur.“
2194 3032 2349 3084 Cubi-

432 3117 729 3171 culariorum
758 3115 866 3183 ejus
898 3117 1069 3167 Simon
1101 3118 1160 3168 de
1190 3117 1313 3169 Keza
1355 3118 1388 3168 1.
1428 3115 1480 3168 1.
1522 3134 1566 3168 c.
1602 3111 1658 3168 4.
1700 3123 1730 3179 §
1760 3112 1799 3168 ll·
1837 3117 2077 3168 meminit.

566 3221 613 3280 5)
658 3218 803 3270 Belae
842 3218 901 3268 R.
942 3218 1055 3268 Not.
1101 3234 1145 3268 c.
1179 3219 1337 3270 XLIV.
1388 3219 1548 3285 Arpad
1593 3219 1884 3284 agazonihus
1915 3219 2020 3269 suis
2059 3218 2345 3284 magistrum

434 3304 668 3370 praefecit
698 3304 961 3369 quomdam
993 3303 1269 3354 Cumanum
1299 3305 1498 3354 nomine
1531 3305 1674 3371 Sepel
1706 3311 1754 3355 et
1782 3311 1985 3370 propter
2018 3303 2160 3369 Sepel
2189 3303 2348 3367 magi-

437 3396 596 3440 strum
625 3391 903 3456 Agazonum
942 3395 1110 3440 vocata
1149 3396 1224 3440 est
1262 3390 1419 3441 insula
1458 3390 1536 3441 illa
1566 3391 1766 3442 nomine
1805 3389 1965 3456 Sepel.
2025 3389 2143 3453 Cap.
2183 3387 2344 3438 XLVI.

440 3475 698 3538 ,‚Fercula‚
733 3475 910 3543 pocula
941 3475 1262 3542 portabantur
1286 3476 1408 3527 Duci
1438 3485 1487 3527 et
1515 3476 1762 3529 nobilibus
1792 3476 1841 3528 in
1873 3474 1998 3526 vasis
2016 3472 2195 3535 aureiS,
2229 3473 2344 3526 Ser-

439 3559 678 3613 vicntibus
710 3567 758 3615 et
787 3561 984 3615 rusticis
1015 3562 1064 3614 in
1095 3562 1221 3613 vasis
1251 3562 1552 3628 a1·gentei5.“
