2384 3886
1961 211 2041 264 33

115 351 388 417 omnium.
453 351 571 415 'Vis
615 365 674 415 et
714 361 983 436 potestas
1040 346 1218 433 hujus
1249 348 1309 409 in
1353 347 1750 410 tribunalibus
1790 345 2044 407 maxima

113 450 234 511 est3
276 436 338 499 in
361 434 815 499 Commentariis
838 431 933 492 his
957 431 1137 494 nihilo
1173 432 1382 508 minor,
1428 431 1780 518 praesertim
1818 426 1917 491 ubi
1969 430 2040 492 de

115 521 543 584 consuetudine
575 518 770 602 aliqua
793 518 1124 599 Majorum,
1169 536 1323 578 novo
1363 513 1742 601 propiorique
1776 513 1849 575 ad
1883 526 2041 576 aeta-

113 619 233 668 tem
276 618 541 668 nostram
572 601 846 663 instituto
887 612 1222 685 permutata
1258 600 1476 683 agitur,
1538 604 1749 686 ltaque
1792 599 2043 682 regulae

114 690 307 752 instar
349 689 548 772 accipe
581 685 692 746 sis:
749 684 958 746 literas
1001 683 1235 768 quidem
1273 684 1571 746 axiomata
1608 684 1767 768 juris
1820 681 2042 746 veteris

117 797 268 859 quae
323 771 658 845 continent,
725 768 988 855 pondere
1038 768 1182 843 hoe,
1247 792 1366 829 non
1410 790 1656 829 numero
1704 764 2040 840 aestimari3

115 856 330 941 alioqui
374 854 518 916 nihil
571 877 709 916 esse
758 853 1060 915 vitandum
1103 852 1318 935 magiS,
1367 875 1541 937 quam
1581 864 1647 913 ut
1684 874 1759 913 ne
1796 851 2042 914 fortuito

119 938 453 1025 diplomatis
506 935 684 999 unius
741 937 1091 1000 tantundem
1135 936 1370 999 deferas
1430 935 1687 1011 indicio,
1760 948 2044 1020 quantum

115 1023 229 1085 nisi
275 1021 790 1085 consentientibus
861 1021 1119 1107 plurium
1154 1020 1536 1107 diplomatum
1570 1016 1804 1083 indiciis
1885 1022 2043 1104 ejus—

113 1108 298 1182 modi,
337 1106 768 1191 historiaeque,
812 1105 994 1168 deseri
1032 1107 1252 1192 nequit.
1312 1106 1607 1167 Nicolaus
1652 1103 2042 1167 Skerleczius

111 1191 451 1278 provinciae
504 1190 972 1275 ZagrabiensiS,
1030 1190 1166 1253 dum
1221 1189 1478 1265 viveret,
1539 1194 1872 1276 Supremas
1929 1190 2041 1250 Co*

111 1299 268 1351 meS,
332 1275 604 1360 idemque
655 1274 1190 1337 eruditissimarum
1238 1275 1312 1336 ad
1352 1274 1613 1359 vestigia
1654 1273 2045 1337 Comitiorum

111 1358 507 1422 Kovachichii
555 1370 830 1421 notarum
889 1370 1127 1436 auctor,
1191 1356 1413 1441 dignus
1471 1383 1647 1433 sane,
1707 1358 1805 1442 qui
1851 1356 2047 1419 Scali-

113 1444 278 1529 geris
332 1444 524 1507 atavis
568 1443 788 1506 editum
830 1452 899 1506 se
938 1443 1150 1518 ferret,
1214 1444 1685 1528 adolescensque
1741 1442 2044 1503 Facciola-

110 1541 236 1591 tum
285 1528 658 1614 eloquentiae
710 1528 1067 1613 magistrum
1119 1527 1397 1604 haberet,
1454 1526 1565 1589 hac
1612 1526 1863 1588 maxime
1907 1548 2044 1588 cau-

109 1613 270 1676 tione
305 1613 377 1676 ad
425 1613 633 1675 laudes
686 1613 942 1698 profecit
985 1637 1155 1686 suas3
1224 1636 1433 1699 parum
1468 1625 1668 1675 tamen
1705 1612 1797 1673 vel
1833 1611 1932 1673 ille
1970 1609 2043 1672 ah

110 1697 335 1760 erroris
365 1697 630 1783 periculo
679 1696 898 1774 abfuit,
961 1697 1229 1759 dumah
1285 1698 1424 1781 lege
1478 1696 1591 1758 hac
1664 1694 2043 1771 discedendO,

109 1781 514 1868 perigraphen
550 1782 858 1843 literarum
895 1781 966 1843 de
1002 1805 1052 1843 a.
1087 1789 1251 1843 1232
1296 1805 1447 1866 quae
1493 1781 1578 1843 ita
1626 1780 1810 1842 habet
1857 1783 2043 1856 „Ser—

108 1865 338 1928 vientes
393 1866 583 1950 Regis
629 1866 700 1928 de
740 1866 892 1927 Zala
953 1878 1175 1928 terram
1233 1865 1520 1928 Vizmeth
1582 1865 2042 1928 Bartholomaeo

106 1950 404 2036 Episcopo
457 1950 1043 2035 Veszpremiensi
1095 1950 1510 2012 attribuunt
1543 1963 1790 2012 contra
1831 1948 2042 2011 Ochuz

107 2037 337 2096 Banum
401 2057 510 2120 per
573 2034 1002 2097 contumaciam
1056 2038 1195 2120 jure
1265 2034 1643 2098 convictum“
1715 2058 1785 2097 eo
1853 2033 2042 2119 accipi

107 2142 292 2181 sensu
339 2118 724 2196 concederet,
772 2131 1074 2205 tamquam
1126 2131 1368 2206 pateret
1400 2143 1474 2182 ex
1521 2119 1640 2181 his:
1688 2119 1881 2182 sorum
1926 2121 2039 2180 Ju—

107 2202 300 2265 dicum
340 2203 654 2266 Nobilium
687 2207 814 2289 jam
872 2217 1010 2267 ante
1053 2204 1112 2267 id
1154 2204 1440 2290 temporis
1476 2204 1774 2267 floruisse.
1820 2209 1866 2281 1)
1928 2202 2041 2265 Cui

107 2287 340 2372 quidem
389 2291 768 2373 conjecturae
826 2302 885 2352 et
935 2290 1149 2375 plenus
1200 2288 1508 2351 literarum
1557 2289 1794 2350 illarum
1845 2300 2039 2364 tenor,

106 2372 205 2456 qui
238 2395 585 2435 concessam
622 2373 1026 2436 servientibus
1049 2373 1167 2435 illis
1201 2374 1522 2459 specialem
1555 2373 1708 2435 hanc
1740 2372 2040 2435 licentiam

103 2455 164 2516 in
212 2456 373 2518 exitu
419 2456 594 2543 plane
630 2457 860 2520 irritam
905 2459 1094 2520 fuisse
1142 2470 1404 2521 testatur
1456 2465 1507 2537 2)
1562 2471 1621 2521 et
1667 2482 1809 2521 vero
1865 2457 2038 2541 leges

106 2562 386 2616 coaevae,
443 2565 595 2626 quae
645 2566 862 2605 causas
910 2542 1249 2627 hujusmodi
1298 2544 1393 2604 vel
1427 2566 1536 2628 per
1569 2543 1735 2629 ipsos
1770 2543 2037 2604 Comites

102 2622 477 2709 parochiales
529 2627 816 2710 cognosci
850 2629 1162 2703 vetabant,
1212 2640 1270 2689 et
1311 2628 1594 2712 plurima,
1642 2639 1708 2688 ut
1745 2627 1901 2688 infra
1934 2649 2036 2711 pa-

102 2707 284 2783 tebit,
345 2708 590 2772 Ordinis
632 2710 933 2794 judiciarii
988 2734 1107 2773 sec.
1149 2714 1325 2772 Xlll.
1368 2711 1729 2773 monimenta
1774 2733 1875 2772 ore
1918 2734 2034 2772 uno

102 2792 444 2855 reclamant.
488 2796 696 2878 Atque
743 2793 893 2857 haec
939 2818 1050 2857 nos
1094 2794 1165 2857 de
1200 2795 1643 2881 Diplomatibus
1678 2794 2033 2879 generatim,

104 2875 203 2937 alii
238 2876 471 2961 quidam
517 2877 589 2940 de
632 2878 871 2964 legibus
916 2879 1160 2967 scriptis
1201 2880 1399 2966 paullo
1425 2902 1625 2956 secuS,
1671 2879 1754 2941 ita
1781 2902 2035 2964 namque

242 3060 284 3118 l)
331 3059 466 3124 Supl.
501 3062 561 3110 ad
591 3070 714 3112 vest.
750 3063 929 3113 Comit.
964 3063 1022 3113 T.
1062 3062 1114 3114 1.
1147 3080 1197 3129 p.
1239 3059 1375 3114 146.

237 3144 284 3202 2)
329 3142 547 3207 Fejerius
588 3146 752 3196 literas
791 3147 906 3208 haS,
950 3164 1156 3212 quarum
1189 3150 1438 3214 epitomen
1469 3163 1695 3198 mancam
1729 3146 2029 3196 Skerleczius

102 3226 310 3286 viderat,
345 3241 370 3274 e
404 3228 527 3276 Coll.
561 3229 744 3285 Heven.
781 3231 836 3280 C.
871 3232 930 3281 D.
967 3229 1022 3282 3.
1055 3250 1100 3282 v.
1137 3231 1192 3282 2.
1226 3250 1276 3298 p.
1316 3227 1456 3283 314.
1492 3233 1624 3282 dedit
1653 3233 1897 3294 integraS,
1933 3245 2030 3278 no-

102 3309 179 3359 bis
209 3326 266 3360 ea
295 3311 503 3360 maxime
534 3320 671 3376 parte
703 3317 1065 3378 memorabiles,
1098 3333 1192 3381 qua
1219 3319 1401 3367 multos
1420 3333 1510 3381 per
1532 3315 1837 3380 potentiores
1860 3315 2026 3378 inique

105 3395 315 3459 opprimi
354 3402 402 3444 et
435 3394 519 3460 jus
559 3412 703 3446 suum
741 3401 996 3464 persequi,
1046 3409 1297 3466 propter
1343 3400 1690 3451 distantiam
1728 3398 2024 3463 judicum,

106 3492 413 3543 nequaquam
446 3496 596 3544 posse
627 3482 901 3531 adfirmant.
1585 3485 1589 3489 ⁴

1649 3565 1687 3618 3
