2384 3886
1862 195 1980 252 181

0 362 23 389 s·
76 342 209 393 actu
249 330 602 407 recitantur,
658 330 826 393 facile
869 352 1245 414 cognoscas:
1301 332 1680 420 praecipuum
1727 333 1983 397 instituti

0 465 22 492 2
72 438 321 502 scopum
351 414 425 478 ad
454 438 687 479 sacram
716 414 1062 500 civilemque
1094 430 1451 502 potestatem
1488 418 1821 482 arctissime
1849 443 1985 482 con-

28 501 459 588 jungendam,
495 513 556 565 et
588 524 761 587 quam
788 499 1087 585 Regibus,
1130 502 1674 590 Sacerdotibusque
1707 505 1862 567 sacri
1889 529 1984 568 co-

6 644 22 665 g
75 586 238 650 dices
262 587 621 664 attribuunt,
653 584 1092 665 auctoritatem,
1126 600 1333 651 mutuo
1366 588 1630 667 vinculo,
1683 591 1984 656 innecten-

74 672 206 735 dam
239 671 588 735 collimasse.
623 677 675 751 5)

3 902 22 945 ³²
75 918 328 967 Summam
366 916 665 966 monitorum
695 916 870 967 horum
902 916 1054 967 habes
1085 917 1214 982 apud
1241 917 1467 968 Peczium
1497 918 1531 968 l.
1566 934 1610 968 c.
1652 919 1722 969 Ad
1748 936 1870 985 quae
1892 922 1988 972 ibi-

76 1003 186 1052 dem
225 1002 562 1051 Juramentum
600 1001 739 1052 Pacis
779 1002 1029 1068 sequitur,
1075 1002 1270 1069 hocque
1310 1010 1593 1069 nuncupato
1632 1005 1786 1055 oratio
1823 1006 1989 1056 Bene-

74 1087 326 1148 dictioniS‚
375 1087 426 1137 in
470 1103 562 1152 qua
603 1087 820 1138 animum
851 1105 912 1138 au
941 1088 1086 1138 verba
1119 1094 1210 1149 „et
1241 1101 1392 1154 super
1421 1089 1554 1139 hunc
1585 1091 1816 1141 famulum
1852 1099 1990 1142 tuum

74 1172 348 1234 Albertum,
402 1188 547 1238 quem
587 1173 761 1238 suplici
799 1173 1054 1224 devotione
1092 1174 1377 1239 Magistrum
1416 1175 1793 1227 Christianitatis
1823 1177 1874 1227 in
1905 1185 1990 1228 tuo

45 1273 278 1324 ¹munere
307 1273 619 1319 veneramur,
653 1265 703 1308 et
731 1259 780 1308 in
811 1260 993 1324 Regem
1024 1260 1340 1325 eligimus“
1373 1267 1468 1310 cet.
1501 1262 1684 1311 attendi
1714 1262 1875 1312 velim.

211 1360 258 1420 ⁵)
302 1358 436 1408 Idem
463 1358 696 1409 Romanis
724 1335 966 1409 studium:
999 1359 1141 1409 Nunc
1166 1360 1324 1410 Deum
1354 1376 1558 1410 munere
1590 1377 1838 1412 summum
1857 1363 1990 1413 Pon-

77 1444 252 1494 tificem
300 1443 445 1494 etiam
493 1459 741 1494 summum
782 1444 1033 1494 hominem
1074 1461 1185 1495 esse
1226 1445 1382 1495 Tacit.
1422 1446 1546 1496 Ann.
1588 1447 1672 1496 III.
1716 1445 1812 1498 58.
1868 1449 1988 1503 Item

76 1529 201 1581 Hist.
233 1530 287 1579 V.
323 1526 379 1579 8.
413 1529 584 1579 Honor
613 1530 872 1580 sacerdotii
901 1531 1264 1582 firmamentum
1294 1531 1541 1599 potentiae
1570 1533 1989 1585 adsummebatur.

75 1614 190 1666 Vide
220 1615 366 1666 etiam
395 1614 614 1669 Niebuhr
641 1615 676 1666 1.
709 1630 755 1666 c.
786 1631 838 1682 p.
874 1611 1014 1667 362.

958 1829 1102 1906 §2-

155 1981 255 2032 diu
284 1981 485 2032 eadem
517 1982 669 2048 apud
699 1981 1036 2048 HungaroS‚
1077 1997 1224 2048 quae
1254 1982 1515 2033 Francos
1543 1982 1913 2048 Anglosque3
1954 1991 1956 1995 ’

245 2130 547 2194 Solemnia
570 2130 991 2208 coronationis,
1024 2132 1226 2194 seculo
1246 2134 1358 2194 XI.
1379 2144 1437 2195 et
1451 2134 1592 2194 XII.
1618 2143 1780 2205 certe
1802 2154 1993 2203 nemo,

78 2214 193 2279 nisi
238 2216 627 2304 pessumdare
676 2229 736 2281 et
780 2230 1015 2305 tempus
1056 2230 1117 2281 et
1153 2241 1390 2305 operam
1424 2217 1601 2294 velit,
1649 2217 1797 2279 alias
1840 2217 1994 2304 apud

77 2305 433 2387 HungaroS,
492 2325 664 2388 quam
711 2316 927 2401 gentes
978 2303 1166 2366 dictas
1205 2304 1404 2390 paullo
1441 2315 1578 2366 ante
1615 2302 1993 2388 quaesiverit.

78 2390 497 2474 Quapropter?
560 2411 831 2474 quonlam
885 2401 951 2452 ut
1007 2388 1371 2452 commodum
1415 2387 1646 2464 monui,
1706 2387 1993 2476 principio

77 2495 238 2536 mere
271 2496 443 2535 sacra
470 2473 734 2550 fuerant,
781 2487 840 2538 et
863 2497 969 2561 per
994 2498 1222 2538 omnem
1252 2474 1547 2538 Eclesiam
1573 2477 1896 2538 Romanam
1921 2473 1994 2536 ad

78 2556 327 2621 eundem
373 2581 516 2646 pera
564 2559 816 2622 ebantur
866 2559 1118 2623 modum.
1178 2563 1321 2624 Non
1368 2559 1568 2646 itaque
1605 2559 1996 2622 conventibus

58 2643 278 2732 ‘populi
310 2583 678 2723 sorensiffiuffi
731 2648 936 2730 Reges
960 2669 1179 2708 corona
1224 2658 1401 2732 caput
1444 2645 1683 2707 incincti
1726 2645 1994 2731 praefue-

0 2755 1 2770 ³
77 2742 238 2803 rant3
270 2728 588 2793 paschatis
619 2729 758 2806 hoc,
791 2742 853 2792 et
876 2734 1270 2794 Pentecostes
1296 2743 1356 2794 et
1378 2732 1444 2793 N
1447 2730 1738 2793 ativitatis
1758 2730 1998 2794 Domini
2070 2778 2075 2789 .

79 2815 298 2878 festum
328 2815 464 2892 suit,
513 2839 629 2903 quo
666 2815 858 2879 sacris
890 2816 1060 2903 regio
1087 2816 1200 2880 hoc
1231 2829 1444 2879 ornatu
1476 2816 1835 2894 intererant,
1879 2840 1996 2879 non

0 2933 36 2962 ,-
79 2899 141 2962 in
172 2901 486 2987 Hungaria
516 2914 776 2978 tantum,
824 2901 928 2965 sed
969 2916 1028 2966 et
1060 2902 1120 2965 in
1147 2901 1405 2989 Anglia‚
1454 2902 1648 2966 Gallia
1682 2914 1742 2966 et
1772 2902 1995 2979 nescio,

80 2984 181 3048 ubi
205 2992 364 3049 non?
396 2987 547 3051 lllud
569 2988 782 3074 ipsum,
809 2987 964 3075 quod
983 2989 1290 3052 Honorius
1313 2991 1382 3050 P.
1400 2991 1482 3051 M.
1506 2986 1580 3051 ad
1599 2986 1907 3051 Andream
1918 2991 1996 3049 ll.

80 3070 292 3133 scribit.
326 3075 600 3157 „jurasse
631 3072 787 3135 hunc
808 3075 870 3136 in
898 3075 1278 3138 coronatione
1311 3097 1421 3137 sua
1441 3077 1584 3161 jura
1607 3074 1783 3158 regni
1814 3072 1907 3134 sui
1937 3084 1998 3135 et

80 3154 363 3220 honorem
400 3179 654 3220 coronae
678 3182 745 3221 se
766 3159 990 3222 illibate
1024 3169 1583 3236 conservaturum‚“
1618 3182 1789 3234 cave,
1819 3170 1995 3244 putes

82 3241 156 3305 ad
209 3242 401 3305 solum
447 3245 672 3327 Regem
714 3245 1063 3329 Hungariae
1102 3245 1342 3319 referri3
1388 3245 1597 3309 iisdem
1634 3242 1834 3306 verbis
1862 3243 1995 3306 Cle-

84 3350 250 3391 mens
297 3330 367 3389 P.
401 3330 484 3389 M.
532 3351 684 3391 anno
724 3336 886 3391 1305
941 3329 1014 3392 ad
1057 3330 1399 3394 Eduardum
1454 3333 1684 3413 Regem
1734 3327 1999 3414 Angliae

85 3412 341 3500 scripsit.
388 3411 510 3476 Sed
550 3412 623 3475 ad
656 3412 975 3501 primordia
1014 3429 1399 3479 revertamur.
1445 3418 1514 3476 ln
1548 3414 1865 3499 Hungaria
1937 3439 1997 3477 o-

85 3509 272 3562 testas
310 3497 775 3562 coronandorum
813 3501 1046 3585 Regum
1075 3524 1371 3588 nunquam
1412 3523 1528 3564 non
1564 3523 1746 3588 penes
1777 3437 1995 3564 Arclhi-
