2384 3886
397 180 519 237 322

403 315 672 379 conditae
701 310 1087 375 Monarchiae
1120 310 1292 396 regia
1323 309 1434 373 fuit
1471 309 1814 372 auctoritas.
1873 311 2168 398 Quidquid
2210 313 2318 376 ita-

402 423 514 486 que
547 398 605 461 id
642 410 771 460 erat
804 395 1162 482 potestatis,
1224 418 1487 458 summae
1550 394 1780 481 utique,
1847 411 2207 484 quapropter
2261 411 2320 461 et

399 489 615 548 Comes
649 495 707 545 et
733 481 960 558 Judex,
1003 480 1282 544 ordinarii
1314 504 1552 567 semper
1585 479 1781 566 Regni
1809 480 2086 559 Judices‚
2123 506 2230 546 seu
2256 496 2322 546 ut

401 595 449 632 s.
498 567 844 655 Stephanus
893 590 998 629 eos
1047 567 1331 655 appellat,
1385 567 1713 629 Curiales
1764 567 2075 630 Comites
2119 569 2321 654 regni

397 654 584 718 babiti
615 664 780 726 sunt3
821 652 1198 716 omnishaec
1236 676 1439 715 eorum
1462 651 1845 728 Jurisdictio,
1888 675 2060 738 quam
2085 654 2322 730 Comes,

401 752 530 817 aut,
585 739 672 803 uti
723 737 1065 825 aptissime,
1119 740 1410 825 planeque
1455 738 1689 801 literate
1724 740 1783 798 in
1828 740 2097 824 Regesto
2128 742 2322 802 Vara-

403 824 594 888 diensi
662 847 818 887 num.
862 832 943 888 77
1000 837 1281 900 vocatur,
1361 822 1675 886 Curialis
1748 825 1999 886 Comes
2062 823 2325 909 Regiae

401 905 660 987 Aulae,
724 909 820 973 diu
868 909 941 973 ad
989 910 1147 972 latus
1201 909 1391 971 solum
1439 909 1662 993 Regis,
1710 908 1862 981 alter
1899 907 2052 972 domi
2094 927 2326 996 quoque

402 1021 547 1063 suae
581 995 873 1071 exercuit,
921 995 993 1057 ab
1025 996 1127 1058 illa
1161 994 1431 1081 profecta
1466 1007 1576 1057 est.
1610 1000 1658 1073 ¹)

544 1215 584 1272 ¹)
631 1211 896 1275 Recollige‚
930 1225 1054 1275 quae
1073 1216 1102 1270 S
1125 1206 1179 1260 6.
1202 1209 1285 1260 lib.
1309 1209 1456 1276 hujus
1481 1225 1537 1258 ex
1560 1209 1677 1259 Jure
1699 1224 1866 1259 consv.
1890 1207 2030 1258 Verb.
2057 1209 2326 1259 attulimus,

1251 1420 1294 1497 ς
1342 1423 1481 1478 123.

463 1591 790 1648 Personae,
851 1604 981 1638 cum
1028 1588 1243 1654 quibus
1290 1604 1356 1638 ex
1401 1587 1687 1638 instituto
1734 1603 1775 1636 s,
1825 1585 2029 1650 Steph.
2079 1601 2275 1635 coram

800 1674 927 1723 sola
971 1674 1152 1738 Regis
1200 1674 1377 1724 Curia
1422 1674 1529 1723 lite
1575 1673 1667 1736 agi
1713 1672 1930 1737 potuit.

578 1826 796 1887 Coram
835 1823 1018 1886 Curia
1051 1823 1240 1908 Regis
1277 1821 1782 1885 conveniebantur
1823 1842 2145 1909 personae,
2205 1823 2330 1906 qui-

408 1910 550 1987 buS,
597 1934 671 1973 ex
709 1922 906 1972 mente
945 1909 997 1971 d.
1035 1908 1390 1994 Protoregis
1435 1911 1577 1994 Cap.
1616 1910 1725 1975 lX.
1765 1907 1800 1968 1.
1845 1915 1892 1968 Ι.
1939 1909 2330 1970 Decretorum

407 1994 754 2058 Colomanni
800 1994 1045 2057 uberius
1097 1994 1400 2081 explicita,
1467 1992 1776 2078 indignum
1817 1992 2204 2069 censebatur,
2263 2015 2331 2055 se

407 2104 604 2145 coram
638 2083 682 2143 J
687 2080 853 2143 udice
880 2079 1160 2142 inferiore
1192 2083 1426 2143 sistere.
1474 2078 1738 2142 Comites
1765 2077 2037 2140 nimirum
2066 2079 2331 2164 Majores

410 2179 470 2230 et
513 2165 799 2229 Seniores
845 2163 1154 2252 Stephano
1189 2164 1289 2252 qui
1322 2164 1684 2227 dicebantur.
1752 2162 2034 2251 Episcopi
2067 2161 2125 2225 hi
2162 2175 2337 2243 erant

412 2265 471 2316 et
496 2251 774 2314 Abbates
805 2259 851 2331 1)
887 2252 1117 2313 ratione
1151 2273 1465 2313 causarum
1498 2249 1781 2327 civilium,
1827 2252 2092 2335 Majores
2122 2247 2330 2311 deinde

409 2338 677 2403 Ministri
709 2336 928 2422 Regis,
975 2336 1289 2424 Principes
1325 2339 1558 2399 Domus
1588 2335 1817 2421 Regiae
1851 2347 1909 2398 et
1944 2334 2044 2421 qui
2075 2333 2333 2397 Nobiles

411 2448 518 2512 per
563 2423 937 2487 eminentiam
986 2422 1384 2499 vocabantur,
1453 2435 1520 2485 ut
1563 2421 1709 2484 adeo
1755 2420 2011 2484 dubitari
2058 2432 2331 2507 nequeat,

413 2509 696 2597 auspiciis
734 2509 786 2572 d.
819 2507 1110 2595 Stephani
1148 2508 1534 2572 constitutam
1564 2507 1751 2593 fuisse
1779 2507 1975 2592 legem
2015 2505 2332 2594 ejusmodi:

414 2594 830 2683 „Episcopi,
894 2593 1218 2657 Abbates
1265 2606 1332 2657 et
1367 2593 1706 2670 ComiteS,
1774 2605 1842 2655 et
1890 2591 2332 2678 potentiores

416 2682 693 2768 quique,
741 2680 795 2743 si
825 2703 1064 2743 causam
1096 2681 1252 2744 inter
1286 2704 1353 2743 se
1390 2679 1731 2756 habuerint,
1779 2701 1888 2742 nec
1919 2701 1986 2740 se
2020 2677 2335 2766 pacificare

555 2896 598 2957 ¹)
641 2896 980 2947 Juramentum
1021 2898 1184 2963 itaque
1220 2898 1438 2947 Andreae
1480 2897 1541 2946 ll.
1576 2897 1636 2946 de
1667 2893 1982 2944 observandis
2023 2893 2129 2943 Ecl.
2170 2893 2329 2944 libert.

417 2997 462 3031 a.
502 2977 659 3032 1233
701 2982 783 3044 (Τ.
819 2983 856 3032 Ι.
892 2983 1018 3047 supl.
1065 2983 1125 3032 ad
1163 2990 1284 3032 vest.
1328 2980 1500 3048 Com.)
1538 2981 1824 3047 praestitum
1865 2980 1923 3029 ad
1962 2979 2180 3030 amussin
2211 2980 2333 3044 legis

418 3068 466 3117 d.
493 3067 772 3132 Protoregis
802 3068 891 3118 fuit
921 3075 1258 3133 comparatum
1289 3068 1338 3117 in
1369 3067 1553 3116 verbis:
1590 3067 1750 3126 „Item
1781 3066 2006 3115 volumus
2037 3073 2086 3115 et
2116 3080 2333 3114 consen-

418 3154 595 3213 timuS‚
643 3153 774 3218 quod
813 3153 987 3203 Clerici
1018 3161 1067 3202 et
1095 3169 1335 3218 personae
1374 3152 1715 3202 Eclesiasticae
1755 3152 2086 3217 respondeant
2122 3157 2171 3199 et
2208 3166 2332 3200 con-

420 3239 673 3289 veniantur
702 3255 867 3289 coram
899 3239 1202 3288 eclesiastico
1233 3239 1403 3289 Judice
1437 3255 1585 3304 super
1615 3237 1862 3294 omnibuS‚
1894 3237 2110 3302 exceptis
2133 3235 2330 3301 judiciis

421 3331 678 3385 terrarum,
720 3325 849 3390 quod
875 3324 1058 3390 judicia
1088 3332 1326 3375 terrarum
1359 3324 1659 3374 Eclesiarum
1684 3330 1733 3373 et
1758 3331 1995 3372 terrarum
2027 3320 2327 3372 Clericorum

422 3424 617 3474 semper
646 3411 990 3461 consueverint
1018 3410 1185 3476 agitari
1217 3418 1265 3460 et
1294 3411 1543 3460 terminari
1587 3425 1675 3475 per
1713 3409 1870 3472 Reges
1901 3407 2163 3473 Ungariae‚
2217 3404 2330 3468 qui-

423 3509 614 3557 cunque
644 3511 734 3559 pro
764 3503 986 3562 tempore
1017 3496 1363 3547 exstiterunt.“
