2384 3886
1870 170 1988 226 161

0 386 8 395 β
84 310 216 374 inde
247 332 320 372 ac
351 309 572 373 exteris
609 307 950 371 auctoribus
1008 309 1338 394 perscripta
1374 308 1523 386 sint,
1568 308 1846 395 persequi
1894 331 1993 370 su-

79 418 524 484 pervacaneum,
552 415 740 479 neque
764 392 942 478 hujus
975 391 1229 455 instituti
1256 408 1366 457 est.
1413 398 1612 457 Marte
1644 407 1822 481 gesta
1843 392 1993 457 haec

82 493 222 543 sunt
264 503 580 567 prospero,
635 491 763 554 aut,
818 499 949 538 cum
983 477 1265 554 maxime,
1324 479 1410 540 sic
1447 479 1847 543 tantummodo
1892 478 1992 542 ad-

13 588 24 633 ζ;
78 579 386 642 versante,
421 577 487 627 ut
523 564 803 650 popuIOS,
848 560 945 647 qui
979 583 1053 622 ex
1079 563 1304 647 praelio
1341 565 1681 650 superiores
1722 588 1991 629 nonnun-

80 675 253 737 quam
301 650 728 724 discesserant,
787 646 1005 709 vicisse
1064 647 1293 732 magiS,
1358 671 1531 733 quam
1576 663 1816 714 nostros
1858 672 1991 712 suc-

79 737 358 800 cubuisse
404 733 684 797 taederet.
760 732 874 794 His
910 732 1106 816 itaque
1144 732 1373 810 missis,
1429 758 1496 796 eo
1532 735 1725 820 magis
1769 734 1993 799 attendi

78 821 331 884 animum
377 819 435 881 in
479 818 586 881 hoc
638 817 841 881 velim:
894 817 1244 894 Zoltanum,
1303 842 1410 903 pro
1444 818 1723 882 bellicoso
1748 819 1990 906 ingenio

76 930 223 982 suo,
282 929 396 968 non
454 902 702 966 finitima
752 904 975 980 solum,
1022 902 1236 988 quibus
1286 904 1572 966 evastatis
1616 905 1992 990 Hungariam

74 991 352 1055 tutiorem
410 990 535 1052 fore
607 988 1039 1062 arbitrabatur3
1105 988 1211 1051 sed
1262 989 1493 1051 ltaliam
1557 1014 1787 1076 quoque
1851 991 1991 1053 Gal-

73 1076 326 1163 liamque
365 1075 543 1137 armis
582 1075 978 1161 percurrisse,
1050 1086 1109 1136 et
1155 1074 1292 1136 licet
1330 1097 1437 1160 per
1463 1076 1786 1138 Henricum
1820 1077 1992 1139 Otto-

72 1185 322 1249 nemque
349 1165 768 1247 ImperatoreS,
801 1161 936 1245 plus
969 1159 1095 1221 vice
1128 1158 1398 1246 simplici,
1434 1162 1584 1224 male
1624 1162 1988 1237 mulctatum,

75 1271 204 1310 cum
255 1246 383 1334 spei
421 1258 628 1309 contra
668 1245 963 1308 fortunam
1007 1268 1237 1331 quoque
1280 1245 1618 1324 insisteret,
1672 1246 1990 1309 Bavariam

72 1332 286 1396 iterum
320 1332 675 1417 iterumque,
705 1330 1148 1406 Alemanniam,
1193 1332 1619 1409 Franconiam,
1665 1333 1987 1408 Alsatiam,

72 1416 562 1504 Lotharingiam,
610 1416 864 1480 Galliam
900 1429 959 1479 et
986 1415 1219 1478 ltaliam
1257 1416 1705 1503 depopulatum,
1752 1417 1988 1504 spoliis-

19 1548 22 1551 ·
74 1528 185 1590 que
230 1515 288 1567 et
320 1526 487 1580 aere,
522 1526 647 1588 quo
686 1501 782 1564 hic
815 1501 1048 1587 illicque
1090 1501 1357 1564 inducias
1402 1503 1691 1580 vendidit,
1735 1503 1990 1590 locuple-

71 1602 226 1665 tem,
283 1587 706 1676 amplissimum
757 1587 1013 1673 undique
1075 1586 1438 1673 captivorum
1490 1589 1678 1651 omnis
1746 1588 1989 1666 ordinis,

73 1674 288 1738 aetatis
344 1697 643 1759 sexusque
688 1672 748 1734 in
793 1672 1167 1758 Hungariam
1208 1696 1514 1736 numerum
1565 1673 1856 1759 coegisse.
1919 1677 1991 1735 ln

70 1759 166 1822 his
202 1760 460 1823 artifices
486 1760 678 1832 multi3
710 1757 945 1844 plurimi
979 1758 1533 1844 cujuscunquemodi
1559 1759 1849 1847 opificium
1876 1760 1991 1821 cal-

70 1845 271 1909 lebant
292 1874 308 1918 3
357 1867 560 1908 omnes
598 1868 738 1907 vero
768 1843 959 1906 instar
989 1843 1288 1906 seminarii
1316 1857 1516 1921 erant,
1564 1870 1638 1909 ex
1679 1869 1792 1931 quo
1830 1845 1990 1908 dein—

73 1954 211 2028 ceps
229 1929 430 1994 eadem
457 1929 609 2016 apud
634 1953 764 2006 nOS,
791 1953 903 2014 qua
925 1932 1179 2014 Regum,
1207 1930 1638 2006 praelatorum,
1675 1930 1988 2007 Comitum,

70 2019 226 2080 Vlce
271 2016 564 2079 Comitum
595 2014 747 2102 apud
786 2017 1056 2077 Francos
1089 2014 1261 2077 villae
1288 2015 1842 2100 frequentabantur,
1891 2040 1989 2077 su-

75 2102 260 2166 crevit
291 2101 504 2164 classis
536 2100 856 2163 incolarum
887 2101 1089 2185 regni,
1135 2100 1711 2164 ministerialium
1741 2101 1988 2187 Regis,

71 2187 587 2274 Eclesiarumque,
641 2186 822 2271 vulgo
856 2185 956 2249 Ud
974 2186 1235 2248 varnok
1251 2210 1437 2249 orum
1477 2187 1710 2250 nomine
1748 2187 1805 2249 in
1839 2187 1987 2272 legi-

71 2272 214 2349 bus,
262 2272 791 2360 diplomatibusque
828 2270 1084 2357 cognita.
1118 2278 1164 2351 1)

211 2462 252 2520 ¹)
299 2459 418 2509 Sim.
452 2460 510 2509 de
542 2459 665 2508 Keza
693 2460 816 2524 App.
863 2475 907 2508 c.
942 2459 1004 2508 Π.
1049 2464 1079 2518 S
1113 2455 1167 2508 3.

937 2670 978 2745 g
1021 2671 1119 2727 54.

129 2821 492 2886 Hungariam
541 2837 655 2872 non
704 2822 876 2871 modo
925 2822 1327 2882 conservavit,
1381 2822 1484 2871 sed
1532 2820 1691 2871 auxit
1738 2821 1912 2870 etiam

864 2907 1194 2957 multifarie

228 3053 390 3116 Idem
413 3053 592 3116 armis
615 3055 675 3117 in
698 3055 1003 3119 Orientem
1028 3055 1332 3119 conversis
1352 3059 1775 3142 Imperatorem
1796 3056 1981 3116 Grae-

73 3161 274 3202 corum
299 3136 371 3200 ad
402 3139 753 3202 exorandam
788 3163 991 3227 pacem
1022 3142 1324 3228 compulit,
1363 3141 1621 3226 hacque,
1667 3150 1840 3224 pacto
1878 3138 1981 3200 tri-

73 3223 250 3300 huto,
300 3247 585 3286 concessa
622 3238 850 3310 partem
890 3226 1216 3289 Valachiae
1259 3228 1416 3289 ultra
1456 3227 1702 3287 Alutam
1733 3227 1980 3308 Hunga-

73 3308 195 3372 riae
267 3309 509 3393 adjecit3
565 3307 898 3396 limitesque
946 3309 1122 3397 hujus
1173 3335 1246 3374 ex
1289 3323 1458 3399 parte
1495 3308 1980 3386 Teutonicorum,

75 3417 147 3456 us
192 3418 262 3457 ue
303 3395 374 3457 ad
413 3406 650 3482 pontem
698 3395 950 3458 Gunczil
993 3396 1432 3475 (Gunczillech,
1494 3395 1669 3457 etiam
1712 3395 1980 3457 Conczil-

74 3478 164 3542 lec
245 3484 581 3564 Hormayro
621 3487 666 3555 ¹)
717 3480 886 3562 [adeo
925 3504 1063 3542 vera
1104 3484 1398 3545 Notarius
1435 3481 1616 3543 Belae
1659 3480 1845 3565 Regis
1887 3505 1979 3543 re—

1565 3575 1629 3625 11
