2384 3886
1989 200 2029 252 5

95 340 225 427 copi
262 340 437 403 Ultra
468 337 746 423 sylvani“
784 334 943 396 hunc
973 334 1205 397 demum
1244 336 1499 397 Paulum
1530 333 1754 396 diutius
1797 335 2029 420 quaesi-

93 439 219 489 tum
261 425 446 487 Belae
486 423 677 506 Regis
711 419 1038 482 Notarium
1086 419 1411 496 scriberet,
1469 418 1584 481 sibi
1630 443 1702 481 ue
1735 431 1794 481 et
1824 419 2028 482 multis

91 533 209 573 non
263 508 536 594 vulgaris
582 504 888 568 doctrinae
941 502 1088 564 viris
1142 503 1318 566 etiam
1369 442 1773 590 persvaderet.
1841 508 2028 581 Ante,

92 595 420 680 aliquanto,
468 612 640 676 quam
675 589 866 650 altera
898 585 1048 650 haec
1086 587 1275 671 Prayi
1314 589 1612 650 sententia
1650 588 2027 674 percrebuis-

91 691 220 754 set,
273 675 488 738 Daniel
534 672 960 749 CornidesiuS,
1025 673 1268 758 proprio
1315 673 1431 733 sibi
1477 673 1830 736 eruditionis
1889 673 2024 735 doc-

91 762 399 846 trinaeque
424 758 826 844 amplissimae
857 769 1165 843 apparatu,
1202 780 1311 819 nec
1341 757 1554 819 minori
1575 758 1819 841 judicio,
1852 761 2027 820 Com-

91 844 442 909 mentarium
502 842 765 929 ejusdem
811 842 1149 926 argumenti
1197 841 1543 915 adornavit,
1607 842 1763 925 quod
1809 866 1843 904 a
1888 843 2028 904 fatis

92 935 222 1016 ejus
261 928 558 1012 Engelius
596 927 862 1013 praefixo
894 926 1092 989 titulo:
1151 926 1564 988 Vindiciarum
1597 927 1879 1011 anonymi
1910 930 2026 989 Be-

89 1016 182 1076 lae
221 1013 410 1098 Regis
455 1011 720 1087 Notarii,
769 1011 969 1087 edidit,
1029 1034 1174 1072 cura
1217 1010 1331 1072 hac
1377 1034 1489 1072 sua
1532 1035 1647 1074 non
1699 1011 1771 1074 de
1815 1010 2026 1073 Corni-

91 1098 256 1162 desio
319 1109 593 1172 tantum,
656 1095 764 1158 sed
823 1097 980 1157 fama
1042 1119 1276 1181 quoque
1337 1096 1693 1181 Hungariae
1750 1097 2027 1159 literatae

42 1219 46 1223 -
89 1182 411 1268 insigniter
463 1180 728 1243 meritus.
798 1183 888 1243 At
942 1179 1097 1242 enim
1151 1193 1210 1243 et
1263 1180 1654 1243 Cornidesius
1700 1181 2026 1244 Notarium

88 1268 269 1344 illum,
325 1266 420 1328 cui
462 1266 744 1328 Belarum
790 1264 1114 1341 adscribat,
1169 1265 1480 1327 subductis
1524 1267 1804 1352 utrinque
1844 1267 2025 1329 ratio-

91 1352 267 1414 nibus
313 1350 566 1427 dubitat,
629 1349 1222 1434 lucubrationemque
1267 1372 1438 1410 suam
1478 1350 1573 1411 his
1614 1351 1846 1413 demum
1890 1375 2022 1413 ver—

91 1436 183 1499 bis
239 1435 563 1499 concludit:
638 1434 1022 1512 „utramlibet
1076 1434 1210 1518 quis
1265 1433 1625 1496 sententiam
1680 1435 1902 1520 eligat,
1965 1435 2026 1497 id

90 1520 289 1584 saltim
331 1520 589 1583 evictum
621 1543 690 1582 se
721 1519 979 1595 dedisse,
1036 1542 1399 1603 anonymum
1429 1532 1700 1581 nostrum
1732 1520 1891 1582 intra
1922 1544 2023 1581 an-

90 1630 201 1670 nos
252 1613 411 1667 1141
441 1617 503 1666 et
539 1610 722 1680 1235,
771 1604 871 1688 qui
917 1603 1147 1666 scilicet
1194 1604 1268 1665 ab
1317 1604 1482 1666 obitu
1526 1605 1711 1668 Belae
1756 1605 1906 1667 II-di
1951 1605 2026 1668 ad

90 1690 344 1778 primum
389 1712 607 1751 annum
649 1688 964 1772 regiminis
1010 1690 1193 1751 Belae
1223 1692 1334 1751 lV.
1379 1689 1875 1766 intercesserunt,
1920 1691 2026 1753 flo-

90 1775 331 1837 ruisse“
375 1780 421 1853 1)
453 1778 623 1836 Haec
653 1771 765 1835 viri
796 1772 1125 1835 doctissimi
1157 1773 1229 1835 de
1259 1773 1459 1844 fructu
1504 1774 1729 1837 laboris
1761 1776 1856 1836 sui
1889 1799 2026 1838 con-

91 1859 275 1922 fessio
320 1859 380 1922 id
425 1859 604 1934 valet,
655 1870 939 1944 quantum
984 1857 1038 1919 si
1083 1858 1332 1921 diceret:
1386 1882 1569 1944 posse
1615 1860 1851 1923 omnino
1896 1863 2027 1923 No-

89 1943 307 2006 tarium
353 1943 521 2005 illum
564 1943 720 2005 infra
762 1955 892 2004 tres
938 1944 1141 2018 BelaS,
1197 1967 1316 2005 non
1361 1956 1561 2005 tamen
1605 1946 1764 2007 ultra
1810 1969 2027 2007 annum

91 2034 274 2091 1235.
322 2027 619 2092 collocari.
680 2027 854 2104 Quod
900 2027 954 2091 ei
999 2027 1239 2114 penitus
1285 2028 1602 2115 assentior.

233 2288 276 2347 1)
321 2287 582 2337 Vindiciar.
615 2305 666 2353 p.
708 2284 843 2339 136.

990 2474 1133 2548 §a

235 2635 302 2683 ad
350 2635 655 2686 Notarium
705 2638 881 2686 Belae
936 2638 1015 2686 lv.
1061 2637 1327 2702 junioris
1379 2639 1559 2701 Regis
1606 2640 1881 2703 reducta,

261 2810 387 2873 Sed
415 2835 523 2897 per
553 2824 787 2898 tempus
817 2813 931 2876 hoc
976 2837 1157 2875 unum
1203 2814 1269 2875 in
1318 2815 1671 2898 integrum
1718 2814 1830 2894 (ita
1875 2816 2034 2900 loqui

89 2898 352 2980 Majores
394 2896 586 2959 nostri
626 2898 932 2977 amabant)
979 2899 1231 2961 alterum
1271 2898 1338 2962 in
1371 2911 1645 2986 partem
1684 2902 1891 2983 Reges
1930 2899 2030 2961 ha-

92 2979 363 3057 buimuS,
438 3005 689 3066 quorum
746 2983 984 3069 utrique
1036 2984 1223 3046 Belae
1282 3008 1495 3047 nomen
1554 2983 1681 3046 suit.
1755 2987 1850 3045 De
1909 2985 2030 3060 illo,

0 3097 2 3154 ὲ
90 3064 298 3126 Belam
351 3069 461 3127 111.
515 3079 678 3152 puta,
743 3068 1167 3130 celeberrimus
1216 3068 1311 3130 hic
1350 3082 1561 3132 auctor
1608 3068 1735 3165 egit
1781 3069 2027 3140 affatim

1 3218 3 3223 y
85 3149 163 3210 de
208 3148 347 3223 isto,
412 3172 618 3235 nepos,
668 3152 767 3237 qui
813 3153 924 3214 fuit
968 3153 1129 3216 illius
1177 3176 1251 3215 ex
1295 3154 1544 3216 Andrea
1590 3155 1710 3217 fil10
1759 3153 2024 3248 genitUS,

0 3243 4 3266 *
91 3233 231 3295 nihil
278 3232 616 3308 admodum3
701 3237 840 3300 licet
873 3239 1031 3315 anni,
1066 3239 1282 3324 quibus
1330 3252 1586 3302 aetatem
1631 3236 1785 3320 regii
1830 3240 2024 3299 Nota—

91 3318 164 3379 rii
211 3318 404 3381 nostri
437 3317 659 3380 circum
690 3322 953 3408 scripsit,
1001 3322 1195 3409 spatia
1226 3347 1460 3409 quoque
1491 3346 1598 3409 per
1629 3321 1837 3382 Belam
1868 3321 2026 3384 hunc

92 3405 223 3478 lV.,
277 3416 345 3466 ut
372 3402 673 3488 juniorem
715 3405 968 3469 decursa
1010 3411 1238 3492 Regem
1286 3405 1803 3493 comprehendant.
1851 3407 2021 3483 Quod

92 3486 281 3572 igitur
325 3488 736 3565 CornidesiuS,
809 3514 1000 3575 neque
1046 3492 1200 3554 enim
1246 3492 1518 3554 dubitare
1570 3491 1735 3567 licet,
1810 3492 2021 3568 sensit,
