2384 3886
1917 236 2039 293 127

109 373 371 438 tudinem
398 376 856 469 Hungarorum3
886 376 939 449 4)
973 369 1034 430 in
1059 370 1152 432 his
1189 370 1344 433 enim
1379 371 1471 432 vis
1507 369 1594 434 rei
1621 382 1748 434 tota
1778 385 1838 436 et
1868 397 2039 436 omne

107 469 467 521 momentum
519 469 699 519 situm
740 464 850 518 est.
912 454 1070 530 Quin
1117 455 1306 539 igitur
1355 455 1550 532 litem,
1616 454 1774 519 inter
1815 459 2039 521 amicos

25 560 43 590 ²?
107 542 458 627 systematis
507 541 854 615 Civitatum‚
935 538 1203 623 aliosque
1243 563 1352 624 pro
1395 540 1747 604 Monarchia
1790 544 1887 628 qui
1930 568 2037 630 pu-

103 639 313 711 gnant,
349 627 669 689 etiamnum
694 624 1053 707 flagrantem
1083 622 1411 707 ingrediar,
1459 624 1652 686 utrius
1684 650 1867 689 causa
1902 652 2036 714 par—

104 711 185 773 tis
227 711 565 774 solidiorem
599 708 816 771 haheat
860 730 1129 783 causam,
1177 706 1328 769 dabo
1371 730 1641 792 operam,
1687 724 1754 773 ut
1795 736 1869 774 ex
1899 736 2035 786 usu,

54 794 57 797 ’
103 795 523 879 Institutisque
551 804 611 856 et
643 792 884 877 legibus
917 790 1173 869 coaeviS‚
1208 814 1315 854 ceu
1350 791 1471 854 ritu
1510 803 1570 854 et
1606 797 2036 859 consuetudine

4 887 13 897 ⁷
100 882 400 964 Majorum
438 889 736 963 appareat.

103 1033 286 1098 Geyzae
323 1032 482 1081 ultimi
523 1032 674 1082 Ducis
714 1038 762 1082 et
799 1032 945 1097 primi
982 1031 1129 1096 Regis
1173 1031 1521 1096 Hungarorum
1561 1031 1695 1082 domi
1736 1031 2033 1094 militiaeque

42 1166 43 1171 ,
101 1117 253 1182 gestis
285 1117 699 1166 commentatione
730 1117 931 1182 promit,
966 1108 1198 1181 potestati
1228 1104 1479 1166 absolutae
1511 1117 1753 1181 proximO.
1790 1116 1881 1167 Cui
1905 1116 2034 1165 Cor-

88 1202 240 1251 *nides
277 1201 311 1251 l.
357 1216 403 1250 c.
463 1201 719 1266 sequentia
761 1201 945 1250 reddit:
989 1201 1029 1249 si
1072 1201 1114 1250 is
1159 1201 1320 1250 omnis
1359 1201 1615 1251 habendus
1654 1202 1717 1251 sit
1755 1202 1899 1261 Rex,
1950 1198 2032 1262 qui

99 1286 232 1350 regia
261 1291 504 1350 potestate
534 1285 788 1350 imperavit
818 1285 948 1349 apud
988 1301 1132 1346 suOS‚
1174 1285 1354 1350 quique
1385 1285 1487 1334 Rex
1518 1285 1585 1334 ab
1627 1287 1854 1356 exteris
1896 1298 2032 1334 nun—

101 1376 308 1434 cupatus
349 1376 448 1430 est,
499 1363 618 1418 tun'c
658 1375 791 1419 certe
827 1384 929 1418 non
970 1369 1122 1433 Geyza
1161 1370 1358 1418 demum
1397 1370 1588 1433 primus
1618 1370 1722 1419 Rex
1750 1369 2030 1435 Hungariae

100 1454 336 1504 dicendus
377 1460 503 1514 erat,
550 1454 637 1502 sed
677 1453 908 1503 omnihus
947 1469 989 1502 S.
1031 1453 1267 1518 Stephani
1303 1452 1569 1518 Majoribus
1600 1455 1713 1504 inde
1745 1455 1804 1504 ab
1834 1455 2029 1519 Arpado

99 1538 141 1588 is
177 1537 349 1588 titulus
388 1553 542 1603 aeque
583 1538 868 1587 debehatur.
913 1537 1104 1603 Quippe
1143 1537 1295 1602 Regio
1327 1536 1441 1602 jure
1482 1544 1530 1587 et
1559 1545 1803 1602 potestate
1834 1539 2028 1603 imperii

99 1622 355 1687 hungarici
392 1623 581 1672 clavum
618 1622 818 1672 tenebat
853 1622 1195 1688 unusquisque
1246 1637 1436 1671 eorum.
1502 1622 1635 1672 Haec
1679 1624 2026 1674 Cornidesius:

101 1707 243 1765 Quod
284 1707 415 1756 enim
454 1707 687 1756 vindiciis
724 1707 954 1771 anonymi
991 1707 1048 1757 B.
1079 1707 1138 1756 R.
1180 1707 1291 1755 Not.
1328 1706 1611 1771 subjicitur:
1645 1714 1802 1758 aetate
1833 1708 2027 1758 Ducum

99 1798 309 1856 systema
342 1791 691 1841 foederativum
723 1806 850 1840 cum
884 1791 1081 1856 capite
1112 1791 1528 1841 haereditario
1562 1792 1860 1853 obtinuisse,
1903 1808 2028 1858 pro-

95 1876 254 1940 priam
291 1875 482 1940 Engelii
524 1876 744 1925 continet
775 1876 1087 1925 sententiam.
1130 1875 1202 1925 St.
1232 1876 1448 1925 Horvath
1473 1876 1523 1925 in
1549 1891 1666 1926 suo:
1699 1877 1764 1927 Μ.
1797 1878 1855 1927 Ο.
1881 1877 2024 1943 gyok.

91 1961 195 2025 regi
224 1960 391 2009 Nemz.
427 1960 643 2010 ostendit
675 1975 727 2009 se
758 1961 1032 2022 facturum,
1073 1967 1128 2010 ut
1158 1960 1572 2024 intelligeremus:
1615 1962 1863 2026 Arpadum
1893 1962 2025 2012 hello

90 2050 279 2094 tantum
322 2045 527 2106 ducem,
569 2045 707 2109 pacis
746 2051 968 2109 tempore
1007 2045 1191 2094 nullam
1234 2045 1378 2109 plane
1411 2051 1672 2110 supremae
1704 2054 1897 2111 partem
1927 2063 2028 2112 po-

0 2181 3 2185 ,
89 2129 278 2179 testatis
316 2129 578 2190 habuisse,
623 2132 696 2194 (p.
735 2125 859 2190 63.)
898 2130 994 2193 hoc
1041 2145 1103 2179 an
1141 2143 1234 2194 per
1263 2144 1320 2178 ea
1359 2145 1483 2194 quae
1514 2130 1565 2179 in
1599 2131 1804 2181 Slavinis
1834 2147 1885 2196 p.
1923 2128 2023 2181 99.

0 2207 2 2288 ζ
90 2219 138 2263 et
176 2229 314 2279 seqq.
355 2214 537 2274 adfert,
591 2214 916 2278 praestiterit,
967 2220 1015 2264 et
1053 2229 1111 2263 ex
1153 2213 1309 2263 dictis*
1321 2213 1427 2285 jam
1457 2221 1505 2264 et
1536 2215 1757 2265 dicendis
1789 2214 2024 2280 deinceps
2076 2279 2090 2289 .

88 2286 300 2363 pronum
331 2298 424 2348 erit
446 2297 689 2363 judicare.

219 2384 269 2444 4)
314 2383 388 2432 Ex
416 2398 511 2433 usu
541 2383 773 2448 loquendi
803 2382 1042 2447 temporis
1075 2383 1168 2444 sui,
1204 2382 1414 2448 jureque
1446 2383 1600 2433 multo
1632 2384 1841 2448 meliori,
1877 2401 2022 2450 quam

87 2474 260 2531 postea
287 2467 505 2517 Andreas
531 2467 617 2516 III.
653 2467 1003 2517 Thomasinam
1035 2473 1243 2517 matrem
1276 2471 1344 2531 (a.
1385 2462 1577 2537 1294)
1608 2469 1815 2519 Mathias
1849 2471 2023 2519 Corvi-

0 2459 4 2483 Ι

0 2491 7 2526 t

0 2529 12 2812 ἱ
86 2542 181 2599 nus
228 2550 560 2600 Elisabetham
613 2547 926 2616 Szilagyiam‚
985 2553 1253 2617 scriptores
1302 2552 1514 2617 denique
1561 2553 1730 2618 plures
1787 2555 2020 2619 Sophiam

7 2625 11 2685 ss
89 2634 271 2700 Geyzae
302 2635 364 2684 ΙΙ.
400 2650 623 2686 sororem
654 2636 866 2700 Reginas
898 2636 1123 2686 dixerint.

0 2807 14 2895 i
175 2815 278 2878 De
341 2818 531 2878 initiis
610 2816 1061 2895 Commeatum,
1132 2820 1486 2900 horumque
1551 2826 1613 2879 et
1675 2819 1934 2880 Finium

0 2890 14 2981 ξ
115 2932 117 2934 ·
875 2901 1231 2965 Comitibus.

0 2975 16 3160 ε,
960 3063 1146 3138 g...

0 3165 19 3289 ἓ
85 3209 211 3260 Jam
250 3218 388 3261 ante
430 3203 742 3263 adventum
784 3214 1202 3278 Hungarorum
1243 3221 1444 3264 castra
1484 3216 1658 3279 plura
1690 3216 1746 3264 in
1778 3215 2018 3263 Panno—

12 3344 21 3372 i

776 3298 897 3347 niis
937 3300 1328 3359 exstiterunt,

0 3317 19 3363 {a

0 3370 19 3414 ἶε

0 3402 22 3520 i}
257 3431 446 3506 Sunt,
494 3428 592 3513 qui
629 3427 700 3491 de
729 3429 930 3491 exciso
967 3432 1218 3494 saevitia
1247 3435 1676 3516 Hungarorum
1706 3430 1863 3492 omni
1893 3431 2016 3494 fere

86 3531 193 3595 per
228 3513 573 3576 Pannonias
612 3514 858 3599 populo,
899 3514 1142 3592 castris,
1183 3515 1461 3592 urbibuS‚
1510 3515 1745 3578 eclesiis
1789 3518 2020 3579 eversis
