2384 3886
410 220 535 275 31⁰

401 360 643 442 jamper
676 354 1067 416 Aristotelem
1104 376 1211 438 pro
1240 352 1428 439 capite
1464 350 1808 438 prudentiae
1842 352 2114 437 politicae
2166 377 2319 418 com-

413 438 772 516 mendatum,
818 450 885 500 ut
917 440 1177 500 Senatus
1205 435 1538 523 hujusmodi
1570 435 1751 499 veluti
1789 437 2068 523 princeps
2091 439 2320 516 salutis,

413 524 743 609 mentisque
796 522 1095 610 publicae,
1155 522 1328 585 simul
1382 522 1650 586 dominus
1702 534 1866 584 esset
1922 521 2167 590 Consilii
2217 548 2321 611 pu-

409 609 559 673 blici.
592 616 637 690 ¹)
691 607 1060 696 Stephanum
1105 607 1321 695 igitur,
1376 607 1511 671 dum
1554 606 1667 670 hoc
1711 606 1866 670 idem
1913 606 2319 687 constitueret,

405 718 523 758 non
570 694 776 781 egisse
832 694 1104 771 arbitrio,
1151 693 1257 757 sed
1287 693 1642 757 sententiam
1669 692 1828 755 illam
1862 692 1961 756 diu
1993 706 2053 756 et
2079 694 2321 757 multum

406 781 764 866 quaesitam,
806 779 1308 868 pensitatamque,
1355 801 1464 840 suo
1493 779 1670 842 etiam
1702 778 1894 842 divino
1928 777 2000 842 ad
2035 778 2322 842 diuturni-

404 877 590 929 tatem
630 889 827 929 rerum
857 864 1321 952 hungaricarum
1340 863 1562 950 judicio
1598 865 2043 950 comprobasse3
2077 887 2324 927 consue-

401 951 698 1025 tudinaria
713 951 923 1015 deinde
941 953 1098 1037 lege,
1139 962 1203 1012 et
1227 949 1516 1012 collocata
1539 972 1646 1036 per
1667 948 1822 1011 hunc
1863 958 1981 1039 (op.
2005 950 2188 1014 Verb.
2212 954 2320 1013 ΙΙΙ.

402 1036 493 1100 tit.
526 1047 563 1100 2
591 1043 633 1119 §
656 1045 725 1118 8)
748 1038 807 1099 in
839 1037 943 1114 iis,
991 1036 1102 1122 qui
1141 1034 1493 1119 dignitate
1526 1047 1593 1098 et
1623 1035 1928 1099 scientia
1950 1048 2322 1124 praestan-

404 1122 629 1187 tiores
678 1147 754 1185 ac
803 1122 1278 1185 notabiliores
1330 1132 1603 1198 essent,
1661 1143 1798 1184 arce
1837 1121 2065 1186 consilii
2104 1121 2323 1209 publici

404 1221 827 1272 consecratam.
882 1207 1053 1284 Quod
1090 1230 1205 1293 ego
1230 1228 1345 1268 non
1378 1205 1506 1269 sine
1538 1207 1840 1293 voluptate
1866 1207 2107 1282 adnoto,
2152 1208 2324 1295 plura

402 1294 555 1356 enim
590 1294 661 1358 de
705 1294 818 1357 hoc
845 1293 1005 1380 juris
1052 1292 1365 1378 hungarici
1406 1291 1597 1379 capite
1645 1315 1825 1355 nosse
1867 1292 2320 1370 desiderantem,

400 1378 474 1441 ad
522 1375 915 1443 Aristotelem
955 1379 1184 1465 allego,
1249 1377 1348 1462 qui
1395 1375 1547 1440 hanc
1613 1378 2082 1465 perfectissimae
2127 1378 2320 1466 politi-

399 1487 500 1527 ces
538 1465 865 1530 doctrinam
902 1466 1131 1552 primus
1178 1462 1445 1538 tradidit3
1490 1487 1600 1527 nec
1640 1462 1885 1529 tradidit
1908 1476 2168 1542 tantum,
2215 1463 2322 1528 sed

398 1551 717 1638 subjuncto
787 1551 963 1614 simul
1016 1550 1090 1614 ad
1134 1549 1520 1613 imitationem
1585 1551 1851 1637 exemplo
1892 1551 2232 1614 illustravit.
2268 1557 2320 1630 2)

396 1640 537 1723 lpse
586 1638 739 1702 enim
786 1636 870 1699 illi
903 1637 954 1700 d.
988 1635 1279 1724 Stephani
1328 1635 1673 1699 adversario
1714 1634 1826 1699 hoc
1871 1650 2187 1724 praeterea
2235 1635 2320 1700 di-

399 1745 535 1787 cere
571 1723 789 1788 habeo:
835 1724 1079 1786 Literas
1112 1721 1361 1785 Henrici
1392 1724 1789 1785 Romanorum
1821 1722 2010 1810 Regis
2049 1734 2178 1785 tota
2213 1721 2321 1785 eti-

399 1831 635 1873 amnum
684 1808 1006 1874 Germania
1043 1807 1357 1883 celebrari,
1405 1806 1622 1893 quibus
1654 1830 1774 1871 non
1804 1808 2144 1896 Principes,
2202 1832 2319 1871 non

395 1894 544 1958 alios
590 1918 947 1982 quosquam,
1005 1894 1122 1956 nisi
1161 1893 1533 1958 Meliorum
1583 1906 1642 1957 et
1689 1897 2029 1981 Majorum
2078 1907 2319 1957 terrae

395 2003 747 2043 consensu
777 1979 1263 2057 constitutiones,
1296 1979 1390 2042 vel
1413 2002 1567 2042 nova
1598 1979 1793 2043 facere
1819 1984 1959 2067 jura
1983 2003 2190 2067 posse,
2222 1978 2318 2042 his

394 2066 542 2152 ipsis
585 2066 638 2130 d.
682 2065 973 2153 Stephani
1014 2065 1214 2128 verbis
1252 2064 1451 2128 edixit.
1516 2064 1701 2128 Dedit
1741 2064 1870 2128 has.
1900 2065 2200 2129 Henricus
2245 2089 2320 2129 ex

395 2151 667 2215 Comitiis
715 2150 1285 2216 Vormacziensibus
1330 2174 1380 2213 a.
1419 2158 1613 2228 1230,
1646 2157 1697 2231 3)
1749 2152 1910 2215 nulla
1952 2151 2317 2228 minorum,

394 2251 498 2301 aut
536 2238 898 2325 juniorum
934 2238 1232 2300 mentione
1266 2237 1438 2299 facta.
1485 2239 1718 2313 Quanto
1752 2237 2035 2325 ampliora
2063 2236 2318 2324 Stepha-v

391 2348 532 2388 nus:
577 2348 695 2387 non
725 2323 838 2387 hac
866 2322 1037 2387 modo
1069 2335 1265 2411 parte,
1314 2322 1421 2386 sed
1460 2321 1739 2408 quidquid
1770 2323 1831 2386 id
1867 2335 1962 2386 est
1990 2322 2318 2410 sapientiae

392 2410 610 2487 civilis,
669 2434 843 2496 quam
887 2411 1141 2472 Carolus
1177 2413 1260 2471 M.
1296 2409 1355 2470 in
1391 2406 1562 2471 modo
1599 2407 2000 2473 habendorum
2037 2408 2315 2472 Comitio-

390 2520 521 2560 rum
568 2496 788 2572 tenuit,
850 2495 938 2557 sic
969 2496 1327 2572 aemulatuS,
1387 2507 1455 2557 ut
1488 2518 1658 2558 omne
1697 2493 1839 2558 illud
1872 2494 1944 2558 de
1991 2494 2315 2558 Consilio

390 2582 599 2668 regni
632 2582 918 2645 monitum
957 2605 1157 2657 suum,
1199 2580 1454 2643 strictim
1485 2579 1557 2643 ad
1593 2604 1837 2644 sensum
1874 2581 2190 2645 verborum
2222 2603 2315 2643 re-

389 2668 646 2755 digeret,
694 2692 844 2757 quae
874 2667 1055 2739 toties
1092 2666 1303 2730 merito
1340 2690 1449 2730 suo
1486 2666 1761 2730 laudatus
1797 2667 2158 2730 Hincmarus
2195 2669 2313 2729 Ar-

527 2853 573 2922 1)
620 2854 723 2904 Cic.
766 2855 826 2904 de
863 2856 1040 2920 Arusp.
1083 2855 1232 2919 Resp.
1273 2850 1514 2925 158.‘de
1553 2853 1765 2918 Legibus
1795 2853 1828 2902 l.
1863 2852 1947 2901 111.
1989 2867 2033 2902 c.
2073 2850 2175 2913 12,
2215 2850 2308 2903 17.

393 2940 574 2991 Confer
611 2955 724 2990 cum
763 2940 840 2990 his
879 2940 1078 2991 Aristot.
1120 2939 1261 2989 Polit.
1307 2940 1340 2988 l.
1382 2939 1466 2988 III.
1510 2954 1554 2988 c.
1607 2936 1659 2988 1.
1706 2939 1740 2988 l.
1781 2938 1856 2988 IV.
1907 2953 1951 2987 e.
1995 2936 2050 2988 6.
2103 2947 2151 2989 et
2189 2955 2311 3004 quae

388 3027 420 3076 l.
454 3027 530 3076 IV.
565 3041 610 3075 c.
650 3022 744 3075 11.
780 3026 839 3074 de
873 3041 928 3074 ea
961 3025 1175 3076 Civitatis
1207 3031 1370 3089 parte,
1413 3039 1535 3088 quae
1568 3024 1834 3084 consultat,
1873 3031 1921 3073 et
1952 3023 2010 3073 de
2042 3040 2121 3085 ea,
2155 3040 2309 3090 penes

389 3127 534 3178 quam
577 3118 653 3161 est
691 3110 1021 3161 moderandae
1061 3117 1205 3175 atque
1247 3109 1658 3160 administrandae
1698 3109 1913 3159 Civitatis
1950 3116 2195 3174 potestaS,
2243 3110 2308 3160 ita
2380 3151 2384 3155 ,

388 3197 559 3247 tradit:
598 3196 753 3258 „utile
784 3211 894 3246 esse
926 3211 1038 3245 cum
1072 3196 1300 3246 omnibus
1334 3194 1529 3260 quidem
1562 3195 1958 3245 deliberationem
1982 3195 2032 3244 in
2057 3195 2308 3245 Concione

384 3283 772 3344 communicare,
807 3282 892 3332 sed
919 3281 1037 3331 solis
1055 3281 1416 3346 Magistratibus
1443 3281 1752 3332 consultandi
1771 3286 2065 3347 potestatem
2086 3281 2303 3331 facerc.“

516 3370 562 3430 2)
608 3368 723 3417 Vide
755 3368 822 3418 sis
852 3367 1124 3418 Aristotelis
1155 3367 1257 3417 Pol.
1291 3367 1324 3417 l.
1358 3367 1435 3416 VI.
1470 3383 1514 3416 c.
1554 3364 1606 3416 1.

517 3453 566 3520 3)
613 3453 773 3503 Habes
812 3470 894 3503 eas
933 3454 1147 3518 integras
1187 3454 1315 3518 apud
1356 3451 1608 3502 Eichhorn
1649 3470 1695 3502 o.
1731 3469 1775 3502 c.
1820 3452 1874 3502 P.
1909 3452 1970 3502 11.
2013 3466 2066 3516 p.
2101 3447 2220 3500 222
2255 3459 2302 3499 et
2377 3444 2379 3446 ’

382 3553 516 3603 seq.;
552 3539 721 3587 confer
751 3539 893 3589 etiam
926 3539 1170 3589 Hulmann
1197 3555 1239 3588 c.
1276 3555 1322 3588 o.
1356 3555 1406 3603 p.
1444 3533 1562 3588 643
1598 3545 1645 3588 et
1680 3553 1783 3602 seq.
