2384 3886
1885 190 2005 247 185

0 353 43 374 ’
93 337 422 403 stabilitum
463 348 755 423 tempora,
809 330 1104 395 successit
1154 333 1299 410 alia,
1359 354 1466 419 per
1512 353 1684 418 quam
1719 342 1849 394 orta
1879 333 2004 417 jam

14 419 31 498 f
73 423 232 488 ‘olim
274 423 430 487 inter
477 420 768 484 Thomam
813 416 886 481 de
920 415 1174 481 Nadasd
1213 419 1387 504 regni
1422 417 1758 482 Palatinum
1789 419 2003 480 etAr-

96 508 533 597 chiepiscopum
562 502 1038 592 strigoniensem
1069 504 1335 588 quaestio
1369 510 1420 584 ⁶)
1469 528 1544 567 an
1583 502 2004 594 Archiepisco-

93 618 206 692 pus
245 595 341 657 vel
375 591 685 655 Palatinus
719 611 925 674 regem
957 610 1244 651 coronare
1280 589 1533 653 debeat?
1586 589 1659 653 ad
1694 612 1827 652 eum
1859 587 2004 651 desi-

93 692 218 743 nlta
268 678 503 742 modum
554 688 679 753 est,
739 673 836 760 qui
877 671 1045 736 hodie
1092 697 1329 760 quoque
1372 674 1628 750 obtinet,
1675 687 1741 738 ut
1770 676 2005 738 Corona

93 763 288 852 Capiti
316 762 505 848 Regis
536 784 643 848 per
672 772 985 845 utrumque
1019 758 1372 846 imponatur.
1400 767 1451 840 7)

223 951 270 1011 ⁶)
314 948 453 1014 Apud
492 946 806 997 Schwandtn.
846 945 897 996 in
936 952 1201 997 comment.
1232 946 1361 996 Petri
1392 946 1451 996 de
1482 946 1608 996 Reva
1640 946 1699 996 de
1731 962 1772 996 s.
1808 947 2001 996 Corona

89 1035 148 1085 T.
180 1035 241 1084 ΙΙ.
289 1049 340 1099 p.
374 1026 495 1083 476
544 1031 842 1082 adumbrata,

95 1187 97 1189 ι
222 1121 268 1181 ⁷)
314 1118 383 1168 De
422 1117 753 1183 praerogativa
790 1117 975 1167 Civium
1019 1116 1155 1167 urbis
1194 1115 1464 1178 BudensiS,
1506 1133 1596 1183 per
1624 1123 1820 1182 tempus
1851 1132 2001 1167 coro—

90 1204 325 1266 nationis,
365 1203 427 1253 ad
449 1210 641 1269 portam
672 1202 961 1253 exteriorem
991 1202 1226 1252 Basilicae
1254 1202 1359 1253 Alb.
1393 1203 1620 1254 excubias
1651 1203 1851 1269 agendi,
1894 1202 2000 1253 vide

89 1291 156 1342 sis
182 1290 314 1341 Juris
345 1288 451 1357 ejus
479 1295 571 1339 art.
609 1286 644 1340 6
677 1295 725 1339 et
759 1286 877 1340 166
897 1326 910 1350 ,
943 1295 992 1339 et
1020 1288 1250 1354 DlugOSS.
1284 1288 1317 1339 l.
1351 1303 1397 1339 c.

971 1499 1114 1576 §4

678 1652 835 1719 apud
879 1651 1190 1717 Hungaros
1236 1658 1391 1702 sunt.

252 1799 354 1864 Ad
399 1800 841 1864 vetustissimos
882 1800 1272 1888 propriosque
1303 1803 1730 1886 Hungarorum
1769 1799 1998 1885 Regiae

86 1885 482 1950 coronationis
511 1886 794 1973 pertinuit
828 1886 1015 1963 ritus,
1061 1898 1125 1948 ut
1162 1889 1292 1949 Rex
1322 1887 1523 1949 statim
1550 1911 1585 1949 a
1619 1886 2000 1950 coronatione

85 1995 298 2034 causas
331 1971 579 2058 aliquot,
617 1973 831 2059 populo
862 1994 1086 2046 coram,
1123 1970 1435 2036 decideret.
1480 1975 1642 2036 Sane
1673 1995 1845 2058 quam
1877 1972 1999 2032 sin-

123 2058 334 2135 -ularis,
366 2055 664 2144 dignaque
687 2057 947 2145 posteris
967 2056 1258 2120 Abiorum
1283 2071 1342 2122 et
1361 2058 1698 2122 testimonio
1719 2056 1999 2120 Thucidi-

83 2081 173 2205 dis
201 2149 247 2223 ι)
291 2143 683 2217 consuetud03
737 2156 803 2206 ut
842 2142 996 2207 enim
1035 2142 1120 2205 illi
1151 2143 1365 2230 justi,
1411 2143 1494 2207 ita
1523 2144 1668 2207 haec
1702 2143 1998 2228 (Dlugos-

17 2286 29 2292 ,
82 2252 214 2291 sum
240 2228 404 2309 audi)
431 2252 543 2306 „ea
570 2252 751 2291 causa
775 2229 1082 2292 observari
1104 2228 1471 2307 tradebatur,
1498 2243 1564 2293 ut
1591 2233 1721 2293 Rex
1753 2228 2000 2315 quilibet

83 2313 277 2377 omnia
308 2326 488 2402 opera
525 2337 635 2377 sua
666 2313 965 2400 intelligat
999 2312 1213 2378 debere
1240 2337 1276 2376 a
1301 2315 1537 2402 justitia
1567 2313 1747 2378 ordiri
1785 2326 1843 2377 et
1867 2314 1997 2376 fun-

40 2402 49 2407 ”
80 2399 243 2476 dari,
310 2412 370 2462 et
419 2399 642 2461 nullum
703 2400 961 2462 officium
1027 2423 1164 2464 esse
1231 2423 1417 2487 aeque
1471 2400 1628 2487 Regi
1675 2399 1995 2496 proprium,

82 2507 255 2582 quam
279 2484 572 2571 justitiam
615 2485 808 2548 colere
841 2497 900 2549 et
936 2484 1351 2548 administrare
1387 2499 1446 2549 et
1476 2490 1615 2573 ejus
1642 2497 1996 2549 auctoritate

0 2617 1 2650 3
83 2569 394 2633 inferlores
433 2593 468 2631 a
501 2569 906 2657 superioribus
937 2581 997 2633 et
1029 2570 1392 2657 quibuslibet
1421 2570 1656 2658 injuriis
1685 2594 1752 2634 ac
1783 2594 1996 2656 grava-

0 2657 3 2724 ζ
80 2655 335 2717 minibus
362 2654 728 2717 defensare.“
773 2658 995 2718 Actum
1020 2654 1216 2719 hocin
1245 2656 1447 2720 eadem
1479 2670 1580 2721 aut
1607 2656 1801 2719 vicina
1825 2657 1996 2719 Ecle-
2061 2711 2064 2713 ,

0 2755 3 2772 ¹
80 2740 188 2803 sia.
234 2744 311 2805 Et
338 2740 534 2803 Albae
566 2740 793 2826 Regiae
821 2739 1052 2827 quidem
1084 2740 1276 2804 sacris
1314 2742 1571 2829 peractis
1611 2746 1741 2806 Rex
1778 2765 1997 2806 corona

0 2873 3 2918 ss
80 2825 414 2903 redimituS,
461 2850 533 2889 ex
565 2825 824 2888 Basilica
862 2826 917 2889 h.
953 2826 1259 2913 Virginis,
1305 2827 1377 2891 ad
1408 2827 1708 2915 proximas
1743 2828 1796 2890 b.
1825 2827 1996 2890 Petri

0 2922 3 2972 ÷

0 2977 4 3044 ἱ

0 3052 7 3183 ἑ

0 3233 10 3355 l

0 3363 10 3493 ξ

79 2934 187 2998 per
227 2934 429 2974 omnes
466 2911 779 2974 comitatus
813 2910 1048 2975 ordines
1090 2913 1419 2992 concessit,
1467 2927 1527 2978 et
1554 2914 1615 2976 in
1644 2914 1902 2977 tribunal
1928 2936 1995 2975 se

78 2995 331 3083 recepit,
387 2996 583 3083 ibique
628 3010 913 3084 apparatu
948 2996 1086 3072 hoc;
1140 3021 1274 3061 nam
1320 3013 1559 3087 postea,
1619 2999 1768 3063 citra
1819 2998 1993 3075 hune,

78 3104 188 3169 pro
231 3105 474 3145 numero
521 3105 832 3145 causarum
878 3082 1004 3146 dies
1050 3083 1303 3170 aliquot,
1360 3084 1421 3147 in
1468 3086 1617 3148 urbe
1653 3109 1753 3161 ea,
1811 3082 1993 3146 conti-

79 3179 334 3230 nuanter
367 3165 827 3232 administrando
847 3169 972 3255 juri
1005 3170 1253 3234 vacavit.
1274 3177 1325 3251 2)
1370 3170 1809 3257 Antiquissimo
1835 3167 1992 3245 huic,

214 3356 259 3415 1)
306 3354 461 3419 Supra
493 3353 525 3403 l.
566 3351 617 3404 1.
663 3370 712 3419 p.
754 3352 833 3404 27
879 3355 1044 3405 citato,

209 3437 260 3508 2)
306 3439 421 3488 Bela
466 3440 541 3489 IV.
598 3439 713 3489 dum
757 3439 884 3489 filius
929 3455 1050 3490 suus
1098 3441 1375 3508 Stephanus
1413 3446 1758 3499 coronaretur,
1808 3455 1862 3489 se
1901 3455 1991 3507 pro

79 3523 302 3576 tribunali
339 3524 526 3575 sedisse
568 3524 759 3576 coaevis
794 3524 947 3576 literis
983 3531 1206 3577 testatur.

0 3566 14 3645 l

0 3692 16 3819 {z

0 3789 17 3870 {t
