<?xml version="1.0" encoding="UTF-8"?>
<!DOCTYPE html PUBLIC "-//W3C//DTD XHTML 1.0 Transitional//EN"
    "http://www.w3.org/TR/xhtml1/DTD/xhtml1-transitional.dtd">
<html xmlns="http://www.w3.org/1999/xhtml" xml:lang="en" lang="en">
 <head>
  <title>
</title>
<meta http-equiv="Content-Type" content="text/html;charset=utf-8" />
  <meta name='ocr-system' content='tesseract 3.04.00' />
  <meta name='ocr-capabilities' content='ocr_page ocr_carea ocr_par ocr_line ocrx_word'/>
</head>
<body>
  <div class='ocr_page' id='page_1' title='image "./commentariorumad01bart_0333.png"; bbox 0 0 2384 3886; ppageno 0'>
   <div class='ocr_carea' id='block_1_1' title="bbox 1886 233 2010 291">
    <p class='ocr_par' dir='ltr' id='par_1_1' title="bbox 1886 233 2010 291">
     <span class='ocr_line' id='line_1_1' title="bbox 1886 233 2010 291; baseline 0 0"><span class='ocrx_word' id='word_1_1' title='bbox 1886 233 2010 291; x_wconf 78' lang='lat'><strong>325</strong></span> 
     </span>
    </p>
   </div>
   <div class='ocr_carea' id='block_1_2' title="bbox 0 369 2015 968">
    <p class='ocr_par' dir='ltr' id='par_1_2' title="bbox 0 369 2015 968">
     <span class='ocr_line' id='line_1_2' title="bbox 107 369 2012 458; baseline 0 -23.947"><span class='ocrx_word' id='word_1_2' title='bbox 107 371 275 456; x_wconf 80' lang='lat' dir='ltr'><strong>Rege</strong></span> <span class='ocrx_word' id='word_1_3' title='bbox 294 371 571 434; x_wconf 90' lang='lat' dir='ltr'><strong>tribunali</strong></span> <span class='ocrx_word' id='word_1_4' title='bbox 592 375 718 458; x_wconf 87' lang='lat' dir='ltr'><strong>ejus</strong></span> <span class='ocrx_word' id='word_1_5' title='bbox 757 369 1106 435; x_wconf 85' lang='lat' dir='ltr'><strong>auctoritate</strong></span> <span class='ocrx_word' id='word_1_6' title='bbox 1148 371 1443 434; x_wconf 87' lang='lat' dir='ltr'><strong>ordinaria</strong></span> <span class='ocrx_word' id='word_1_7' title='bbox 1473 372 1741 458; x_wconf 80' lang='lat' dir='ltr'><strong>praefuit.</strong></span> <span class='ocrx_word' id='word_1_8' title='bbox 1806 372 2012 451; x_wconf 81' lang='lat' dir='ltr'>Quoad</span> 
     </span>
     <span class='ocr_line' id='line_1_3' title="bbox 5 454 2015 545; baseline -0 -22"><span class='ocrx_word' id='word_1_9' title='bbox 5 519 8 523; x_wconf 85' lang='grc'><em>,</em></span> <span class='ocrx_word' id='word_1_10' title='bbox 103 456 163 518; x_wconf 89' lang='lat' dir='ltr'><strong>in</strong></span> <span class='ocrx_word' id='word_1_11' title='bbox 226 457 414 542; x_wconf 83' lang='lat' dir='ltr'><strong>Regis</strong></span> <span class='ocrx_word' id='word_1_12' title='bbox 470 457 822 520; x_wconf 82' lang='lat' dir='ltr'><strong>versabatur</strong></span> <span class='ocrx_word' id='word_1_13' title='bbox 880 454 1062 535; x_wconf 84' lang='lat' dir='ltr'><strong>Curia</strong></span> <span class='ocrx_word' id='word_1_14' title='bbox 1106 456 1338 520; x_wconf 87' lang='lat' dir='ltr'><strong>mittere</strong></span> <span class='ocrx_word' id='word_1_15' title='bbox 1389 457 1649 542; x_wconf 79' lang='lat' dir='ltr'><strong>sigillum</strong></span> <span class='ocrx_word' id='word_1_16' title='bbox 1685 458 1919 545; x_wconf 87' lang='lat' dir='ltr'><strong>hujus,</strong></span> <span class='ocrx_word' id='word_1_17' title='bbox 1953 471 2015 522; x_wconf 87' lang='lat' dir='ltr'><strong>et</strong></span> 
     </span>
     <span class='ocr_line' id='line_1_4' title="bbox 113 537 2013 627; baseline 0.001 -24.832"><span class='ocrx_word' id='word_1_18' title='bbox 113 564 360 604; x_wconf 88' lang='lat' dir='ltr'><strong>evocare</strong></span> <span class='ocrx_word' id='word_1_19' title='bbox 402 565 702 627; x_wconf 91' lang='lat' dir='ltr'><strong>quosque,</strong></span> <span class='ocrx_word' id='word_1_20' title='bbox 773 538 901 601; x_wconf 89' lang='lat' dir='ltr'><strong>sine</strong></span> <span class='ocrx_word' id='word_1_21' title='bbox 947 537 1282 603; x_wconf 91' lang='lat' dir='ltr'><strong>discrimine</strong></span> <span class='ocrx_word' id='word_1_22' title='bbox 1345 542 1732 620; x_wconf 83' lang='lat' dir='ltr'><strong>conditioniS,</strong></span> <span class='ocrx_word' id='word_1_23' title='bbox 1793 557 2013 607; x_wconf 86' lang='lat' dir='ltr'><strong>status-</strong></span> 
     </span>
     <span class='ocr_line' id='line_1_5' title="bbox 0 589 2012 715; baseline 0 -26"><span class='ocrx_word' id='word_1_24' title='bbox 0 589 36 709; x_wconf 52' lang='grc' dir='ltr'><strong><em>ξ</em></strong></span> <span class='ocrx_word' id='word_1_25' title='bbox 109 650 222 712; x_wconf 91' lang='lat' dir='ltr'><strong>que</strong></span> <span class='ocrx_word' id='word_1_26' title='bbox 258 630 396 714; x_wconf 90' lang='lat' dir='ltr'><strong>jure</strong></span> <span class='ocrx_word' id='word_1_27' title='bbox 443 626 875 712; x_wconf 88' lang='lat' dir='ltr'><strong>disceptaturos</strong></span> <span class='ocrx_word' id='word_1_28' title='bbox 910 622 1126 710; x_wconf 87' lang='lat' dir='ltr'><strong>potuit;</strong></span> <span class='ocrx_word' id='word_1_29' title='bbox 1164 638 1332 687; x_wconf 84' lang='lat' dir='ltr'><strong>extra</strong></span> <span class='ocrx_word' id='word_1_30' title='bbox 1355 628 1594 689; x_wconf 84' lang='lat' dir='ltr'><strong>Curiam</strong></span> <span class='ocrx_word' id='word_1_31' title='bbox 1618 642 1853 715; x_wconf 88' lang='lat' dir='ltr'><strong>praeter</strong></span> <span class='ocrx_word' id='word_1_32' title='bbox 1880 630 2012 706; x_wconf 91' lang='lat' dir='ltr'><strong>hos,</strong></span> 
     </span>
     <span class='ocr_line' id='line_1_6' title="bbox 104 708 2012 797; baseline 0.004 -26.594"><span class='ocrx_word' id='word_1_33' title='bbox 104 710 209 797; x_wconf 85' lang='lat' dir='ltr'><strong>qui</strong></span> <span class='ocrx_word' id='word_1_34' title='bbox 225 711 621 774; x_wconf 87' lang='lat' dir='ltr'><strong>aministeriis</strong></span> <span class='ocrx_word' id='word_1_35' title='bbox 666 709 834 772; x_wconf 87' lang='lat' dir='ltr'><strong>aulae</strong></span> <span class='ocrx_word' id='word_1_36' title='bbox 871 708 1076 795; x_wconf 80' lang='lat' dir='ltr'><strong>regiae</strong></span> <span class='ocrx_word' id='word_1_37' title='bbox 1103 709 1363 785; x_wconf 90' lang='lat' dir='ltr'><strong>fuerant,</strong></span> <span class='ocrx_word' id='word_1_38' title='bbox 1409 713 1499 774; x_wconf 88' lang='lat' dir='ltr'><strong>vel</strong></span> <span class='ocrx_word' id='word_1_39' title='bbox 1531 737 1639 775; x_wconf 91' lang='lat' dir='ltr'><strong>sua</strong></span> <span class='ocrx_word' id='word_1_40' title='bbox 1663 714 1822 776; x_wconf 89' lang='lat' dir='ltr'><strong>illum</strong></span> <span class='ocrx_word' id='word_1_41' title='bbox 1850 714 2012 778; x_wconf 91' lang='lat' dir='ltr'><strong>adire</strong></span> 
     </span>
     <span class='ocr_line' id='line_1_7' title="bbox 103 793 2010 882; baseline 0.002 -23.804"><span class='ocrx_word' id='word_1_42' title='bbox 103 809 315 882; x_wconf 91' lang='lat' dir='ltr'><strong>sponte</strong></span> <span class='ocrx_word' id='word_1_43' title='bbox 343 797 670 870; x_wconf 88' lang='lat' dir='ltr'><strong>voluerant,</strong></span> <span class='ocrx_word' id='word_1_44' title='bbox 707 793 838 855; x_wconf 89' lang='lat' dir='ltr'><strong>aliis</strong></span> <span class='ocrx_word' id='word_1_45' title='bbox 870 817 1085 857; x_wconf 88' lang='lat' dir='ltr'><strong>causae</strong></span> <span class='ocrx_word' id='word_1_46' title='bbox 1101 793 1389 857; x_wconf 39' lang='lat' dir='ltr'><strong>,dictionis</strong></span> <span class='ocrx_word' id='word_1_47' title='bbox 1419 795 1568 858; x_wconf 89' lang='lat' dir='ltr'><strong>diem</strong></span> <span class='ocrx_word' id='word_1_48' title='bbox 1596 799 2010 877; x_wconf 89' lang='lat' dir='ltr'><strong>constituendi,</strong></span> 
     </span>
     <span class='ocr_line' id='line_1_8' title="bbox 100 879 1749 968; baseline 0 -25"><span class='ocrx_word' id='word_1_49' title='bbox 100 893 200 943; x_wconf 91' lang='lat' dir='ltr'><strong>aut</strong></span> <span class='ocrx_word' id='word_1_50' title='bbox 238 881 309 944; x_wconf 94' lang='lat' dir='ltr'><strong>de</strong></span> <span class='ocrx_word' id='word_1_51' title='bbox 339 905 410 943; x_wconf 90' lang='lat' dir='ltr'><strong>ea</strong></span> <span class='ocrx_word' id='word_1_52' title='bbox 429 884 553 968; x_wconf 89' lang='lat' dir='ltr'><strong>jam</strong></span> <span class='ocrx_word' id='word_1_53' title='bbox 589 880 744 943; x_wconf 90' lang='lat' dir='ltr'><strong>dicta</strong></span> <span class='ocrx_word' id='word_1_54' title='bbox 776 879 1127 943; x_wconf 88' lang='lat' dir='ltr'><strong>decernendi</strong></span> <span class='ocrx_word' id='word_1_55' title='bbox 1159 880 1440 943; x_wconf 84' lang='lat' dir='ltr'><strong>facultate</strong></span> <span class='ocrx_word' id='word_1_56' title='bbox 1468 884 1671 945; x_wconf 89' lang='lat' dir='ltr'><strong>caruit.</strong></span> <span class='ocrx_word' id='word_1_57' title='bbox 1704 892 1749 964; x_wconf 85' lang='lat'><strong>1)</strong></span> 
     </span>
    </p>
   </div>
   <div class='ocr_carea' id='block_1_3' title="bbox 11 1092 2012 1332">
    <p class='ocr_par' dir='ltr' id='par_1_3' title="bbox 11 1092 2012 1332">
     <span class='ocr_line' id='line_1_9' title="bbox 240 1092 2011 1162; baseline 0.003 -17"><span class='ocrx_word' id='word_1_58' title='bbox 240 1099 282 1157; x_wconf 90' lang='lat' dir='ltr'><strong>l)</strong></span> <span class='ocrx_word' id='word_1_59' title='bbox 327 1096 378 1146; x_wconf 90' lang='lat' dir='ltr'><strong>S.</strong></span> <span class='ocrx_word' id='word_1_60' title='bbox 411 1096 530 1145; x_wconf 91' lang='lat' dir='ltr'><strong>Lad.</strong></span> <span class='ocrx_word' id='word_1_61' title='bbox 575 1097 609 1145; x_wconf 87' lang='lat' dir='ltr'><strong>l.</strong></span> <span class='ocrx_word' id='word_1_62' title='bbox 643 1096 726 1146; x_wconf 92' lang='lat'><em>111.</em></span> <span class='ocrx_word' id='word_1_63' title='bbox 770 1112 815 1146; x_wconf 84' lang='lat' dir='ltr'><strong>c.</strong></span> <span class='ocrx_word' id='word_1_64' title='bbox 851 1092 906 1146; x_wconf 86' lang='lat'><strong>3.</strong></span> <span class='ocrx_word' id='word_1_65' title='bbox 953 1096 1027 1146; x_wconf 87' lang='lat' dir='ltr'><strong>Ex</strong></span> <span class='ocrx_word' id='word_1_66' title='bbox 1057 1113 1153 1162; x_wconf 89' lang='lat' dir='ltr'><strong>quo</strong></span> <span class='ocrx_word' id='word_1_67' title='bbox 1184 1112 1274 1162; x_wconf 89' lang='lat' dir='ltr'><strong>per</strong></span> <span class='ocrx_word' id='word_1_68' title='bbox 1302 1104 1396 1147; x_wconf 88' lang='lat' dir='ltr'><strong>art.</strong></span> <span class='ocrx_word' id='word_1_69' title='bbox 1433 1094 1467 1147; x_wconf 86' lang='lat'>9</span> <span class='ocrx_word' id='word_1_70' title='bbox 1501 1098 1667 1148; x_wconf 88' lang='lat' dir='ltr'><strong>Bullae</strong></span> <span class='ocrx_word' id='word_1_71' title='bbox 1698 1115 1890 1162; x_wconf 84' lang='lat' dir='ltr'><strong>aureae,</strong></span> <span class='ocrx_word' id='word_1_72' title='bbox 1925 1116 2011 1150; x_wconf 85' lang='lat' dir='ltr'><strong>ce·-</strong></span> 
     </span>
     <span class='ocr_line' id='line_1_10' title="bbox 11 1181 2012 1247; baseline 0.002 -15"><span class='ocrx_word' id='word_1_73' title='bbox 11 1192 15 1196; x_wconf 83' lang='grc'><strong>“</strong></span> <span class='ocrx_word' id='word_1_74' title='bbox 102 1190 202 1233; x_wconf 83' lang='lat' dir='ltr'><strong>tera</strong></span> <span class='ocrx_word' id='word_1_75' title='bbox 235 1181 543 1247; x_wconf 81' lang='lat' dir='ltr'><strong>synonimum</strong></span> <span class='ocrx_word' id='word_1_76' title='bbox 575 1181 671 1231; x_wconf 90' lang='lat' dir='ltr'><strong>hoc</strong></span> <span class='ocrx_word' id='word_1_77' title='bbox 701 1198 855 1231; x_wconf 90' lang='lat' dir='ltr'><strong>unum</strong></span> <span class='ocrx_word' id='word_1_78' title='bbox 884 1182 1121 1241; x_wconf 83' lang='lat' dir='ltr'><strong>laxatum,</strong></span> <span class='ocrx_word' id='word_1_79' title='bbox 1165 1183 1297 1247; x_wconf 86' lang='lat' dir='ltr'><strong>quod</strong></span> <span class='ocrx_word' id='word_1_80' title='bbox 1326 1182 1605 1234; x_wconf 84' lang='lat' dir='ltr'><strong>inchoatam</strong></span> <span class='ocrx_word' id='word_1_81' title='bbox 1635 1184 1684 1234; x_wconf 92' lang='lat' dir='ltr'><strong>in</strong></span> <span class='ocrx_word' id='word_1_82' title='bbox 1716 1185 1862 1236; x_wconf 89' lang='lat' dir='ltr'><strong>Curia</strong></span> <span class='ocrx_word' id='word_1_83' title='bbox 1892 1202 2012 1237; x_wconf 84' lang='lat' dir='ltr'><strong>cau-</strong></span> 
     </span>
     <span class='ocr_line' id='line_1_11' title="bbox 102 1266 1244 1332; baseline 0 -14"><span class='ocrx_word' id='word_1_84' title='bbox 102 1283 207 1318; x_wconf 87' lang='lat' dir='ltr'><strong>sam</strong></span> <span class='ocrx_word' id='word_1_85' title='bbox 238 1267 500 1318; x_wconf 84' lang='lat' dir='ltr'><strong>terminare</strong></span> <span class='ocrx_word' id='word_1_86' title='bbox 530 1266 763 1332; x_wconf 86' lang='lat' dir='ltr'><strong>deinceps</strong></span> <span class='ocrx_word' id='word_1_87' title='bbox 792 1267 973 1332; x_wconf 88' lang='lat' dir='ltr'><strong>ubique</strong></span> <span class='ocrx_word' id='word_1_88' title='bbox 1003 1274 1244 1332; x_wconf 87' lang='lat' dir='ltr'><strong>potuerat.</strong></span> 
     </span>
    </p>
   </div>
   <div class='ocr_carea' id='block_1_4' title="bbox 935 1476 1161 1552">
    <p class='ocr_par' dir='ltr' id='par_1_4' title="bbox 935 1476 1161 1552">
     <span class='ocr_line' id='line_1_12' title="bbox 935 1476 1161 1552; baseline -0.009 -18"><span class='ocrx_word' id='word_1_89' title='bbox 935 1476 976 1552; x_wconf 81' lang='lat'><em>§</em></span> <span class='ocrx_word' id='word_1_90' title='bbox 1022 1479 1161 1535; x_wconf 82' lang='lat'><strong>126.</strong></span> 
     </span>
    </p>
   </div>
   <div class='ocr_carea' id='block_1_5' title="bbox 183 1643 1916 1788">
    <p class='ocr_par' dir='ltr' id='par_1_5' title="bbox 183 1643 1916 1788">
     <span class='ocr_line' id='line_1_13' title="bbox 183 1643 1916 1715; baseline 0.001 -21"><span class='ocrx_word' id='word_1_91' title='bbox 183 1660 209 1694; x_wconf 85' lang='lat' dir='ltr'><strong>a</strong></span> <span class='ocrx_word' id='word_1_92' title='bbox 261 1659 372 1710; x_wconf 89' lang='lat' dir='ltr'><strong>quo</strong></span> <span class='ocrx_word' id='word_1_93' title='bbox 422 1643 811 1715; x_wconf 88' lang='lat' dir='ltr'><strong>discernendi</strong></span> <span class='ocrx_word' id='word_1_94' title='bbox 860 1649 998 1693; x_wconf 89' lang='lat' dir='ltr'><strong>sunt</strong></span> <span class='ocrx_word' id='word_1_95' title='bbox 1044 1643 1334 1704; x_wconf 80' lang='lat' dir='ltr'><strong>BaroneS,</strong></span> <span class='ocrx_word' id='word_1_96' title='bbox 1385 1645 1453 1694; x_wconf 89' lang='lat' dir='ltr'><strong>de</strong></span> <span class='ocrx_word' id='word_1_97' title='bbox 1501 1644 1690 1694; x_wconf 85' lang='lat' dir='ltr'><strong>latere</strong></span> <span class='ocrx_word' id='word_1_98' title='bbox 1738 1646 1916 1712; x_wconf 83' lang='lat' dir='ltr'><strong>Regis</strong></span> 
     </span>
     <span class='ocr_line' id='line_1_14' title="bbox 875 1728 1245 1788; baseline 0.003 -10"><span class='ocrx_word' id='word_1_99' title='bbox 875 1728 1245 1788; x_wconf 82' lang='lat' dir='ltr'><strong>transmissi,</strong></span> 
     </span>
    </p>
   </div>
   <div class='ocr_carea' id='block_1_6' title="bbox 0 1881 2011 3174">
    <p class='ocr_par' dir='ltr' id='par_1_6' title="bbox 0 1881 2011 3174">
     <span class='ocr_line' id='line_1_15' title="bbox 265 1881 2008 1978; baseline 0.002 -24"><span class='ocrx_word' id='word_1_100' title='bbox 265 1881 345 1955; x_wconf 82' lang='lat' dir='ltr'><strong>Et</strong></span> <span class='ocrx_word' id='word_1_101' title='bbox 383 1890 443 1953; x_wconf 91' lang='lat' dir='ltr'><strong>hi</strong></span> <span class='ocrx_word' id='word_1_102' title='bbox 487 1915 788 1978; x_wconf 91' lang='lat' dir='ltr'><strong>persona</strong></span> <span class='ocrx_word' id='word_1_103' title='bbox 821 1891 1024 1977; x_wconf 84' lang='lat' dir='ltr'><strong>regia</strong></span> <span class='ocrx_word' id='word_1_104' title='bbox 1063 1890 1286 1977; x_wconf 78' lang='lat' dir='ltr'><strong>(kiraly</strong></span> <span class='ocrx_word' id='word_1_105' title='bbox 1321 1893 1675 1977; x_wconf 79' lang='lat' dir='ltr'><strong>szemellye)</strong></span> <span class='ocrx_word' id='word_1_106' title='bbox 1707 1918 1891 1957; x_wconf 90' lang='lat' dir='ltr'><strong>sensu</strong></span> <span class='ocrx_word' id='word_1_107' title='bbox 1928 1896 2008 1957; x_wconf 90' lang='lat' dir='ltr'><strong>la-</strong></span> 
     </span>
     <span class='ocr_line' id='line_1_16' title="bbox 0 1976 2011 2062; baseline 0.001 -21"><span class='ocrx_word' id='word_1_108' title='bbox 0 1987 21 2055; x_wconf 40' lang='grc' dir='ltr'>ᾗ</span> <span class='ocrx_word' id='word_1_109' title='bbox 96 1977 266 2051; x_wconf 83' lang='lat' dir='ltr'><strong>tiori3</strong></span> <span class='ocrx_word' id='word_1_110' title='bbox 318 1976 796 2062; x_wconf 78' lang='lat' dir='ltr'><strong>frequentissime</strong></span> <span class='ocrx_word' id='word_1_111' title='bbox 844 1980 1189 2054; x_wconf 80' lang='lat' dir='ltr'><strong>BaroneS,</strong></span> <span class='ocrx_word' id='word_1_112' title='bbox 1246 1977 1627 2055; x_wconf 77' lang='lat' dir='ltr'><strong>dicebantur,</strong></span> <span class='ocrx_word' id='word_1_113' title='bbox 1672 1979 1750 2042; x_wconf 93' lang='lat' dir='ltr'><strong>de</strong></span> <span class='ocrx_word' id='word_1_114' title='bbox 1787 1980 2011 2043; x_wconf 90' lang='lat' dir='ltr'><strong>latere</strong></span> 
     </span>
     <span class='ocr_line' id='line_1_17' title="bbox 94 2061 2010 2152; baseline 0 -25.953"><span class='ocrx_word' id='word_1_115' title='bbox 94 2062 295 2149; x_wconf 83' lang='lat' dir='ltr'><strong>regio</strong></span> <span class='ocrx_word' id='word_1_116' title='bbox 333 2061 406 2125; x_wconf 91' lang='lat' dir='ltr'><strong>ad</strong></span> <span class='ocrx_word' id='word_1_117' title='bbox 434 2063 793 2126; x_wconf 84' lang='lat' dir='ltr'><strong>Comitatum</strong></span> <span class='ocrx_word' id='word_1_118' title='bbox 827 2085 1007 2124; x_wconf 90' lang='lat' dir='ltr'><strong>unum</strong></span> <span class='ocrx_word' id='word_1_119' title='bbox 1038 2063 1128 2125; x_wconf 91' lang='lat' dir='ltr'><strong>vel</strong></span> <span class='ocrx_word' id='word_1_120' title='bbox 1156 2063 1359 2148; x_wconf 91' lang='lat' dir='ltr'><strong>plures</strong></span> <span class='ocrx_word' id='word_1_121' title='bbox 1391 2064 1829 2142; x_wconf 81' lang='lat' dir='ltr'><strong>transmissi,</strong></span> <span class='ocrx_word' id='word_1_122' title='bbox 1862 2089 2010 2152; x_wconf 90' lang='lat' dir='ltr'><strong>quos</strong></span> 
     </span>
     <span class='ocr_line' id='line_1_18' title="bbox 0 2138 2010 2237; baseline 0 -26"><span class='ocrx_word' id='word_1_123' title='bbox 0 2138 7 2180; x_wconf 44' lang='lat' dir='ltr'><strong>i</strong></span> <span class='ocrx_word' id='word_1_124' title='bbox 96 2148 324 2221; x_wconf 83' lang='lat' dir='ltr'><strong>interea</strong></span> <span class='ocrx_word' id='word_1_125' title='bbox 358 2148 736 2236; x_wconf 88' lang='lat' dir='ltr'><strong>praesertim,</strong></span> <span class='ocrx_word' id='word_1_126' title='bbox 797 2147 934 2210; x_wconf 90' lang='lat' dir='ltr'><strong>dum</strong></span> <span class='ocrx_word' id='word_1_127' title='bbox 968 2151 1382 2223; x_wconf 85' lang='lat' dir='ltr'><strong>auctoritatem</strong></span> <span class='ocrx_word' id='word_1_128' title='bbox 1416 2144 1674 2211; x_wconf 88' lang='lat' dir='ltr'><strong>Palatini</strong></span> <span class='ocrx_word' id='word_1_129' title='bbox 1703 2152 1898 2237; x_wconf 81' lang='lat' dir='ltr'><strong>Caput</strong></span> <span class='ocrx_word' id='word_1_130' title='bbox 1928 2157 2010 2212; x_wconf 83' lang='lat'><strong>25</strong></span> 
     </span>
     <span class='ocr_line' id='line_1_19' title="bbox 6 2233 2009 2321; baseline 0 -25"><span class='ocrx_word' id='word_1_131' title='bbox 6 2301 10 2304; x_wconf 62' lang='grc'>,</span> <span class='ocrx_word' id='word_1_132' title='bbox 93 2235 130 2297; x_wconf 92' lang='lat' dir='ltr'><strong>l.</strong></span> <span class='ocrx_word' id='word_1_133' title='bbox 167 2237 275 2296; x_wconf 92' lang='lat'><em>111.</em></span> <span class='ocrx_word' id='word_1_134' title='bbox 316 2257 364 2296; x_wconf 76' lang='lat' dir='ltr'><strong>S.</strong></span> <span class='ocrx_word' id='word_1_135' title='bbox 398 2233 667 2297; x_wconf 89' lang='lat' dir='ltr'><strong>Ladislai</strong></span> <span class='ocrx_word' id='word_1_136' title='bbox 717 2234 1051 2321; x_wconf 88' lang='lat' dir='ltr'><strong>premebat,</strong></span> <span class='ocrx_word' id='word_1_137' title='bbox 1099 2233 1304 2319; x_wconf 88' lang='lat' dir='ltr'><strong>quavis</strong></span> <span class='ocrx_word' id='word_1_138' title='bbox 1329 2234 1512 2297; x_wconf 89' lang='lat' dir='ltr'><strong>ferme</strong></span> <span class='ocrx_word' id='word_1_139' title='bbox 1537 2235 1788 2320; x_wconf 83' lang='lat' dir='ltr'><strong>Regesti</strong></span> <span class='ocrx_word' id='word_1_140' title='bbox 1818 2239 2009 2298; x_wconf 85' lang='lat' dir='ltr'><strong>Vara-</strong></span> 
     </span>
     <span class='ocr_line' id='line_1_20' title="bbox 8 2317 2007 2416; baseline -0.001 -34"><span class='ocrx_word' id='word_1_141' title='bbox 8 2384 11 2405; x_wconf 18' lang='lat'>:</span> <span class='ocrx_word' id='word_1_142' title='bbox 97 2318 320 2382; x_wconf 83' lang='lat' dir='ltr'><strong>diensis</strong></span> <span class='ocrx_word' id='word_1_143' title='bbox 339 2319 561 2416; x_wconf 77' lang='lat' dir='ltr'><strong>pagina</strong></span> <span class='ocrx_word' id='word_1_144' title='bbox 580 2318 767 2382; x_wconf 90' lang='lat' dir='ltr'><strong>habes</strong></span> <span class='ocrx_word' id='word_1_145' title='bbox 794 2317 1016 2382; x_wconf 89' lang='lat' dir='ltr'><strong>obvios.</strong></span> <span class='ocrx_word' id='word_1_146' title='bbox 1061 2322 1177 2382; x_wconf 91' lang='lat' dir='ltr'><strong>Jus</strong></span> <span class='ocrx_word' id='word_1_147' title='bbox 1207 2317 1268 2380; x_wconf 91' lang='lat' dir='ltr'><strong>hi</strong></span> <span class='ocrx_word' id='word_1_148' title='bbox 1301 2318 1571 2406; x_wconf 85' lang='lat' dir='ltr'><strong>perinde,</strong></span> <span class='ocrx_word' id='word_1_149' title='bbox 1625 2331 1801 2405; x_wconf 89' lang='lat' dir='ltr'><strong>atque</strong></span> <span class='ocrx_word' id='word_1_150' title='bbox 1836 2321 2007 2382; x_wconf 86' lang='lat' dir='ltr'><strong>Pala-</strong></span> 
     </span>
     <span class='ocr_line' id='line_1_21' title="bbox 99 2403 2007 2490; baseline -0.001 -22"><span class='ocrx_word' id='word_1_151' title='bbox 99 2406 237 2482; x_wconf 86' lang='lat' dir='ltr'><strong>tini,</strong></span> <span class='ocrx_word' id='word_1_152' title='bbox 285 2407 663 2490; x_wconf 81' lang='lat' dir='ltr'><strong>Comitesque</strong></span> <span class='ocrx_word' id='word_1_153' title='bbox 710 2403 1126 2481; x_wconf 81' lang='lat' dir='ltr'><strong>ParochialeS,</strong></span> <span class='ocrx_word' id='word_1_154' title='bbox 1173 2427 1290 2467; x_wconf 91' lang='lat' dir='ltr'><strong>non</strong></span> <span class='ocrx_word' id='word_1_155' title='bbox 1336 2404 1494 2467; x_wconf 88' lang='lat' dir='ltr'><strong>intra</strong></span> <span class='ocrx_word' id='word_1_156' title='bbox 1522 2427 1756 2482; x_wconf 89' lang='lat' dir='ltr'><strong>muros,</strong></span> <span class='ocrx_word' id='word_1_157' title='bbox 1802 2405 1907 2467; x_wconf 88' lang='lat' dir='ltr'><strong>sed</strong></span> <span class='ocrx_word' id='word_1_158' title='bbox 1947 2405 2007 2466; x_wconf 91' lang='lat' dir='ltr'><strong>in</strong></span> 
     </span>
     <span class='ocr_line' id='line_1_22' title="bbox 10 2489 2006 2577; baseline -0.002 -23"><span class='ocrx_word' id='word_1_159' title='bbox 10 2499 13 2505; x_wconf 71' lang='lat'>‘</span> <span class='ocrx_word' id='word_1_160' title='bbox 97 2490 583 2577; x_wconf 81' lang='lat' dir='ltr'><strong>Congregatione</strong></span> <span class='ocrx_word' id='word_1_161' title='bbox 656 2490 872 2577; x_wconf 90' lang='lat' dir='ltr'><strong>populi,</strong></span> <span class='ocrx_word' id='word_1_162' title='bbox 909 2490 1082 2551; x_wconf 92' lang='lat' dir='ltr'><strong>unius</strong></span> <span class='ocrx_word' id='word_1_163' title='bbox 1097 2490 1189 2551; x_wconf 85' lang='lat' dir='ltr'><strong>vel</strong></span> <span class='ocrx_word' id='word_1_164' title='bbox 1218 2489 1492 2576; x_wconf 91' lang='lat' dir='ltr'><strong>plurium,</strong></span> <span class='ocrx_word' id='word_1_165' title='bbox 1518 2489 1603 2552; x_wconf 92' lang='lat' dir='ltr'><strong>uti</strong></span> <span class='ocrx_word' id='word_1_166' title='bbox 1624 2490 2006 2576; x_wconf 87' lang='lat' dir='ltr'><strong>jubebantur,</strong></span> 
     </span>
     <span class='ocr_line' id='line_1_23' title="bbox 12 2574 2004 2661; baseline -0.005 -17"><span class='ocrx_word' id='word_1_167' title='bbox 12 2595 16 2657; x_wconf 77' lang='lat' dir='ltr'>j</span> <span class='ocrx_word' id='word_1_168' title='bbox 98 2576 495 2644; x_wconf 81' lang='lat' dir='ltr'><strong>Comitatuum</strong></span> <span class='ocrx_word' id='word_1_169' title='bbox 515 2574 871 2652; x_wconf 86' lang='lat' dir='ltr'><strong>reddebant,</strong></span> <span class='ocrx_word' id='word_1_170' title='bbox 931 2598 1079 2661; x_wconf 87' lang='lat' dir='ltr'><strong>quae</strong></span> <span class='ocrx_word' id='word_1_171' title='bbox 1129 2598 1236 2661; x_wconf 93' lang='lat' dir='ltr'><strong>pro</strong></span> <span class='ocrx_word' id='word_1_172' title='bbox 1290 2578 1576 2638; x_wconf 83' lang='lat' dir='ltr'><strong>varietate</strong></span> <span class='ocrx_word' id='word_1_173' title='bbox 1635 2574 2004 2651; x_wconf 87' lang='lat' dir='ltr'><strong>Praesidum,</strong></span> 
     </span>
     <span class='ocr_line' id='line_1_24' title="bbox 102 2659 2007 2748; baseline -0.002 -24"><span class='ocrx_word' id='word_1_174' title='bbox 102 2685 210 2724; x_wconf 88' lang='lat' dir='ltr'><strong>seu</strong></span> <span class='ocrx_word' id='word_1_175' title='bbox 257 2661 754 2748; x_wconf 83' lang='lat' dir='ltr'><strong>Magistratuum,</strong></span> <span class='ocrx_word' id='word_1_176' title='bbox 800 2683 907 2748; x_wconf 89' lang='lat' dir='ltr'><strong>per</strong></span> <span class='ocrx_word' id='word_1_177' title='bbox 963 2683 1111 2747; x_wconf 91' lang='lat' dir='ltr'><strong>quos</strong></span> <span class='ocrx_word' id='word_1_178' title='bbox 1166 2659 1564 2736; x_wconf 86' lang='lat' dir='ltr'><strong>indicebatur,</strong></span> <span class='ocrx_word' id='word_1_179' title='bbox 1628 2659 1683 2720; x_wconf 90' lang='lat' dir='ltr'><strong>in</strong></span> <span class='ocrx_word' id='word_1_180' title='bbox 1740 2659 2007 2722; x_wconf 88' lang='lat' dir='ltr'><strong>classicis</strong></span> 
     </span>
     <span class='ocr_line' id='line_1_25' title="bbox 17 2744 2007 2842; baseline -0.004 -27"><span class='ocrx_word' id='word_1_181' title='bbox 17 2777 21 2815; x_wconf 78' lang='grc' dir='ltr'><em>ς</em></span> <span class='ocrx_word' id='word_1_182' title='bbox 104 2747 158 2810; x_wconf 90' lang='lat' dir='ltr'><strong>b.</strong></span> <span class='ocrx_word' id='word_1_183' title='bbox 182 2747 350 2811; x_wconf 89' lang='lat' dir='ltr'><strong>Petri</strong></span> <span class='ocrx_word' id='word_1_184' title='bbox 393 2746 1013 2833; x_wconf 84' lang='lat' dir='ltr'><strong>Quinqueeclesiensis</strong></span> <span class='ocrx_word' id='word_1_185' title='bbox 1055 2745 1246 2808; x_wconf 89' lang='lat' dir='ltr'><strong>literis</strong></span> <span class='ocrx_word' id='word_1_186' title='bbox 1298 2744 1748 2842; x_wconf 71' lang='lat' dir='ltr'><strong>„congregatio</strong></span> <span class='ocrx_word' id='word_1_187' title='bbox 1794 2769 2007 2830; x_wconf 83' lang='lat' dir='ltr'><strong>gene-</strong></span> 
     </span>
     <span class='ocr_line' id='line_1_26' title="bbox 18 2831 2002 2919; baseline -0.001 -23"><span class='ocrx_word' id='word_1_188' title='bbox 18 2882 21 2887; x_wconf 29' lang='lat'>*</span> <span class='ocrx_word' id='word_1_189' title='bbox 98 2833 273 2896; x_wconf 88' lang='lat' dir='ltr'><strong>ralis</strong></span> <span class='ocrx_word' id='word_1_190' title='bbox 351 2833 554 2919; x_wconf 82' lang='lat' dir='ltr'><strong>regni</strong></span> <span class='ocrx_word' id='word_1_191' title='bbox 620 2832 723 2895; x_wconf 91' lang='lat' dir='ltr'><strong>vel</strong></span> <span class='ocrx_word' id='word_1_192' title='bbox 790 2831 1249 2918; x_wconf 89' lang='lat' dir='ltr'><strong>particularis</strong></span> <span class='ocrx_word' id='word_1_193' title='bbox 1304 2853 1708 2916; x_wconf 85' lang='lat' dir='ltr'><strong>provmclae</strong></span> <span class='ocrx_word' id='word_1_194' title='bbox 1755 2831 2002 2917; x_wconf 87' lang='lat' dir='ltr'><strong>alicujus</strong></span> 
     </span>
     <span class='ocr_line' id='line_1_27' title="bbox 99 2914 2000 2992; baseline -0.001 -12"><span class='ocrx_word' id='word_1_195' title='bbox 99 2941 135 2980; x_wconf 91' lang='lat' dir='ltr'><strong>a</strong></span> <span class='ocrx_word' id='word_1_196' title='bbox 174 2918 400 2981; x_wconf 86' lang='lat' dir='ltr'><strong>Comite</strong></span> <span class='ocrx_word' id='word_1_197' title='bbox 456 2916 780 2980; x_wconf 88' lang='lat' dir='ltr'><strong>Palatino</strong></span> <span class='ocrx_word' id='word_1_198' title='bbox 831 2917 936 2979; x_wconf 87' lang='lat' dir='ltr'><strong>vel</strong></span> <span class='ocrx_word' id='word_1_199' title='bbox 996 2914 1432 2992; x_wconf 89' lang='lat' dir='ltr'><strong>Parochiali,</strong></span> <span class='ocrx_word' id='word_1_200' title='bbox 1491 2916 1579 2978; x_wconf 90' lang='lat' dir='ltr'><strong>vel</strong></span> <span class='ocrx_word' id='word_1_201' title='bbox 1626 2916 2000 2992; x_wconf 87' lang='lat' dir='ltr'><strong>Provinciali,</strong></span> 
     </span>
     <span class='ocr_line' id='line_1_28' title="bbox 99 3001 2001 3089; baseline -0.001 -25"><span class='ocrx_word' id='word_1_202' title='bbox 99 3004 193 3065; x_wconf 87' lang='lat' dir='ltr'><strong>vel</strong></span> <span class='ocrx_word' id='word_1_203' title='bbox 233 3025 579 3089; x_wconf 91' lang='lat' dir='ltr'><strong>quocunque</strong></span> <span class='ocrx_word' id='word_1_204' title='bbox 624 3006 914 3083; x_wconf 57' lang='lat' dir='ltr'><strong>Barone⁴</strong></span> <span class='ocrx_word' id='word_1_205' title='bbox 945 3001 1026 3064; x_wconf 91' lang='lat' dir='ltr'><strong>de</strong></span> <span class='ocrx_word' id='word_1_206' title='bbox 1071 3001 1295 3064; x_wconf 90' lang='lat' dir='ltr'><strong>latere</strong></span> <span class='ocrx_word' id='word_1_207' title='bbox 1339 3002 1540 3086; x_wconf 78' lang='lat' dir='ltr'><strong>regio</strong></span> <span class='ocrx_word' id='word_1_208' title='bbox 1582 3001 2001 3064; x_wconf 89' lang='lat' dir='ltr'><strong>transmisso</strong></span> 
     </span>
     <span class='ocr_line' id='line_1_29' title="bbox 98 3087 859 3174; baseline -0.001 -24"><span class='ocrx_word' id='word_1_209' title='bbox 98 3087 356 3151; x_wconf 82' lang='lat' dir='ltr'><strong>indicta“</strong></span> <span class='ocrx_word' id='word_1_210' title='bbox 397 3100 779 3174; x_wconf 88' lang='lat' dir='ltr'><strong>nuncupatur.</strong></span> <span class='ocrx_word' id='word_1_211' title='bbox 816 3094 859 3167; x_wconf 79' lang='lat'><strong>¹)</strong></span> 
     </span>
    </p>
   </div>
   <div class='ocr_carea' id='block_1_7' title="bbox 52 3300 2003 3621">
    <p class='ocr_par' dir='ltr' id='par_1_7' title="bbox 104 3300 2003 3451">
     <span class='ocr_line' id='line_1_30' title="bbox 242 3300 2003 3366; baseline 0.001 -16"><span class='ocrx_word' id='word_1_212' title='bbox 242 3305 284 3363; x_wconf 85' lang='lat'><strong>¹)</strong></span> <span class='ocrx_word' id='word_1_213' title='bbox 331 3300 392 3350; x_wconf 88' lang='lat' dir='ltr'><strong>Et</strong></span> <span class='ocrx_word' id='word_1_214' title='bbox 429 3300 478 3349; x_wconf 94' lang='lat' dir='ltr'><strong>in</strong></span> <span class='ocrx_word' id='word_1_215' title='bbox 519 3302 718 3351; x_wconf 84' lang='lat' dir='ltr'><strong>Civitate</strong></span> <span class='ocrx_word' id='word_1_216' title='bbox 750 3301 944 3366; x_wconf 90' lang='lat' dir='ltr'><strong>quidem</strong></span> <span class='ocrx_word' id='word_1_217' title='bbox 978 3302 1459 3366; x_wconf 87' lang='lat' dir='ltr'><strong>Quinqueeclesiensi</strong></span> <span class='ocrx_word' id='word_1_218' title='bbox 1500 3302 1574 3350; x_wconf 87' lang='lat' dir='ltr'><strong>vel</strong></span> <span class='ocrx_word' id='word_1_219' title='bbox 1613 3301 1662 3349; x_wconf 92' lang='lat' dir='ltr'><strong>in</strong></span> <span class='ocrx_word' id='word_1_220' title='bbox 1701 3300 1859 3365; x_wconf 85' lang='lat' dir='ltr'><strong>aliqua</strong></span> <span class='ocrx_word' id='word_1_221' title='bbox 1898 3301 2003 3351; x_wconf 82' lang='lat' dir='ltr'><strong>villa</strong></span> 
     </span>
     <span class='ocr_line' id='line_1_31' title="bbox 104 3384 1998 3451; baseline 0 -14"><span class='ocrx_word' id='word_1_222' title='bbox 104 3387 320 3437; x_wconf 87' lang='lat' dir='ltr'><strong>Eclesiae</strong></span> <span class='ocrx_word' id='word_1_223' title='bbox 357 3386 460 3435; x_wconf 85' lang='lat' dir='ltr'><strong>sine</strong></span> <span class='ocrx_word' id='word_1_224' title='bbox 492 3386 685 3436; x_wconf 87' lang='lat' dir='ltr'><strong>licentia</strong></span> <span class='ocrx_word' id='word_1_225' title='bbox 716 3393 764 3435; x_wconf 89' lang='lat' dir='ltr'><strong>et</strong></span> <span class='ocrx_word' id='word_1_226' title='bbox 794 3388 1022 3450; x_wconf 83' lang='lat' dir='ltr'><strong>expressa</strong></span> <span class='ocrx_word' id='word_1_227' title='bbox 1052 3384 1373 3451; x_wconf 78' lang='lat' dir='ltr'><strong>permissione</strong></span> <span class='ocrx_word' id='word_1_228' title='bbox 1403 3385 1635 3451; x_wconf 90' lang='lat' dir='ltr'><strong>Episcopi</strong></span> <span class='ocrx_word' id='word_1_229' title='bbox 1665 3385 1767 3434; x_wconf 88' lang='lat' dir='ltr'><strong>fieri</strong></span> <span class='ocrx_word' id='word_1_230' title='bbox 1798 3393 1998 3437; x_wconf 84' lang='lat' dir='ltr'><strong>vetatur.</strong></span> 
     </span>
    </p>

    <p class='ocr_par' dir='ltr' id='par_1_8' title="bbox 52 3470 1998 3621">
     <span class='ocr_line' id='line_1_32' title="bbox 52 3470 1998 3537; baseline -0.001 -15"><span class='ocrx_word' id='word_1_231' title='bbox 52 3474 54 3478; x_wconf 83' lang='grc'><strong>’</strong></span> <span class='ocrx_word' id='word_1_232' title='bbox 106 3471 390 3537; x_wconf 84' lang='lat' dir='ltr'><strong>Cujusmodi</strong></span> <span class='ocrx_word' id='word_1_233' title='bbox 428 3470 675 3535; x_wconf 87' lang='lat' dir='ltr'><strong>privilegio</strong></span> <span class='ocrx_word' id='word_1_234' title='bbox 707 3486 817 3520; x_wconf 90' lang='lat' dir='ltr'><strong>cum</strong></span> <span class='ocrx_word' id='word_1_235' title='bbox 848 3471 966 3520; x_wconf 87' lang='lat' dir='ltr'><strong>aliae</strong></span> <span class='ocrx_word' id='word_1_236' title='bbox 998 3486 1191 3536; x_wconf 88' lang='lat' dir='ltr'><strong>quoque</strong></span> <span class='ocrx_word' id='word_1_237' title='bbox 1223 3471 1537 3522; x_wconf 85' lang='lat' dir='ltr'><strong>Cathedrales</strong></span> <span class='ocrx_word' id='word_1_238' title='bbox 1567 3470 1785 3520; x_wconf 86' lang='lat' dir='ltr'><strong>Eclesiae</strong></span> <span class='ocrx_word' id='word_1_239' title='bbox 1813 3471 1998 3537; x_wconf 81' lang='lat' dir='ltr'><strong>plureS‚</strong></span> 
     </span>
     <span class='ocr_line' id='line_1_33' title="bbox 105 3554 1995 3621; baseline 0 -14"><span class='ocrx_word' id='word_1_240' title='bbox 105 3564 206 3609; x_wconf 83' lang='lat' dir='ltr'><strong>tum</strong></span> <span class='ocrx_word' id='word_1_241' title='bbox 232 3573 343 3607; x_wconf 91' lang='lat' dir='ltr'><strong>vero</strong></span> <span class='ocrx_word' id='word_1_242' title='bbox 374 3556 422 3607; x_wconf 90' lang='lat' dir='ltr'><strong>b.</strong></span> <span class='ocrx_word' id='word_1_243' title='bbox 457 3556 583 3606; x_wconf 86' lang='lat' dir='ltr'><strong>Petri</strong></span> <span class='ocrx_word' id='word_1_244' title='bbox 615 3571 807 3621; x_wconf 85' lang='lat' dir='ltr'><strong>quoque</strong></span> <span class='ocrx_word' id='word_1_245' title='bbox 839 3555 897 3604; x_wconf 90' lang='lat' dir='ltr'><strong>de</strong></span> <span class='ocrx_word' id='word_1_246' title='bbox 929 3555 1111 3620; x_wconf 84' lang='lat' dir='ltr'><strong>Posega</strong></span> <span class='ocrx_word' id='word_1_247' title='bbox 1142 3562 1371 3605; x_wconf 87' lang='lat' dir='ltr'><strong>exornata</strong></span> <span class='ocrx_word' id='word_1_248' title='bbox 1402 3555 1504 3606; x_wconf 83' lang='lat' dir='ltr'><strong>suit.</strong></span> <span class='ocrx_word' id='word_1_249' title='bbox 1538 3555 1658 3605; x_wconf 87' lang='lat' dir='ltr'><strong>VIII.</strong></span> <span class='ocrx_word' id='word_1_250' title='bbox 1690 3554 1744 3606; x_wconf 88' lang='lat'><strong>7.</strong></span> <span class='ocrx_word' id='word_1_251' title='bbox 1777 3572 1826 3621; x_wconf 91' lang='lat' dir='ltr'><strong>p.</strong></span> <span class='ocrx_word' id='word_1_252' title='bbox 1863 3554 1995 3607; x_wconf 82' lang='lat'><strong>158.</strong></span> 
     </span>
    </p>
   </div>
   <div class='ocr_carea' id='block_1_8' title="bbox 0 2173 53 3886">
    <p class='ocr_par' dir='ltr' id='par_1_9' title="bbox 0 2173 53 3886">
     <span class='ocr_line' id='line_1_34' title="bbox 0 2173 53 3886; baseline 0 0"><span class='ocrx_word' id='word_1_253' title='bbox 0 2173 53 3886; x_wconf 95' lang='lat' dir='ltr'><strong> </strong></span> 
     </span>
    </p>
   </div>
  </div>
 </body>
</html>
