<?xml version="1.0" encoding="UTF-8"?>
<!DOCTYPE html PUBLIC "-//W3C//DTD XHTML 1.0 Transitional//EN"
    "http://www.w3.org/TR/xhtml1/DTD/xhtml1-transitional.dtd">
<html xmlns="http://www.w3.org/1999/xhtml" xml:lang="en" lang="en">
 <head>
  <title>
</title>
<meta http-equiv="Content-Type" content="text/html;charset=utf-8" />
  <meta name='ocr-system' content='tesseract 3.04.00' />
  <meta name='ocr-capabilities' content='ocr_page ocr_carea ocr_par ocr_line ocrx_word'/>
</head>
<body>
  <div class='ocr_page' id='page_1' title='image "./commentariorumad01bart_0108.png"; bbox 0 0 2384 3886; ppageno 0'>
   <div class='ocr_carea' id='block_1_1' title="bbox 377 196 501 252">
    <p class='ocr_par' dir='ltr' id='par_1_1' title="bbox 377 196 501 252">
     <span class='ocr_line' id='line_1_1' title="bbox 377 196 501 252; baseline 0 -1"><span class='ocrx_word' id='word_1_1' title='bbox 377 196 501 252; x_wconf 81' lang='lat' dir='ltr'><strong>loo</strong></span> 
     </span>
    </p>
   </div>
   <div class='ocr_carea' id='block_1_2' title="bbox 369 327 2376 1341">
    <p class='ocr_par' dir='ltr' id='par_1_2' title="bbox 369 327 2376 1341">
     <span class='ocr_line' id='line_1_2' title="bbox 376 327 2315 416; baseline 0.002 -25"><span class='ocrx_word' id='word_1_2' title='bbox 376 331 508 392; x_wconf 91' lang='lat' dir='ltr'><strong>culo</strong></span> <span class='ocrx_word' id='word_1_3' title='bbox 551 331 782 391; x_wconf 69' lang='lat' dir='ltr'><strong>Csiirsz</strong></span> <span class='ocrx_word' id='word_1_4' title='bbox 817 327 997 406; x_wconf 77' lang='lat' dir='ltr'><strong>arka)</strong></span> <span class='ocrx_word' id='word_1_5' title='bbox 1041 329 1393 414; x_wconf 90' lang='lat' dir='ltr'><strong>appellatur.</strong></span> <span class='ocrx_word' id='word_1_6' title='bbox 1454 330 1932 416; x_wconf 86' lang='lat' dir='ltr'><strong>„Suspicamur“</strong></span> <span class='ocrx_word' id='word_1_7' title='bbox 1987 330 2149 394; x_wconf 81' lang='lat' dir='ltr'><strong>addit</strong></span> <span class='ocrx_word' id='word_1_8' title='bbox 2184 344 2315 408; x_wconf 87' lang='lat' dir='ltr'><strong>„to—</strong></span> 
     </span>
     <span class='ocr_line' id='line_1_3' title="bbox 375 411 2316 510; baseline 0.001 -35"><span class='ocrx_word' id='word_1_9' title='bbox 375 427 495 476; x_wconf 85' lang='lat' dir='ltr'><strong>tam</strong></span> <span class='ocrx_word' id='word_1_10' title='bbox 521 411 925 488; x_wconf 81' lang='lat' dir='ltr'><strong>Pannoniam,</strong></span> <span class='ocrx_word' id='word_1_11' title='bbox 973 423 1327 498; x_wconf 88' lang='lat' dir='ltr'><strong>ceterasque</strong></span> <span class='ocrx_word' id='word_1_12' title='bbox 1355 413 1643 510; x_wconf 79' lang='lat' dir='ltr'><strong>regiones</strong></span> <span class='ocrx_word' id='word_1_13' title='bbox 1671 416 1945 476; x_wconf 82' lang='lat' dir='ltr'><strong>Avarum</strong></span> <span class='ocrx_word' id='word_1_14' title='bbox 1973 412 2316 498; x_wconf 85' lang='lat' dir='ltr'><strong>hujusmodi</strong></span> 
     </span>
     <span class='ocr_line' id='line_1_4' title="bbox 373 495 2314 584; baseline 0.001 -25"><span class='ocrx_word' id='word_1_15' title='bbox 373 495 848 584; x_wconf 81' lang='lat' dir='ltr'><strong>propugnaculis</strong></span> <span class='ocrx_word' id='word_1_16' title='bbox 906 495 1098 558; x_wconf 86' lang='lat' dir='ltr'><strong>fuisse</strong></span> <span class='ocrx_word' id='word_1_17' title='bbox 1152 509 1562 560; x_wconf 68' lang='lat' dir='ltr'><strong>communitae.</strong></span> <span class='ocrx_word' id='word_1_18' title='bbox 1638 501 1765 561; x_wconf 86' lang='lat' dir='ltr'><strong>Eos</strong></span> <span class='ocrx_word' id='word_1_19' title='bbox 1831 518 2087 584; x_wconf 82' lang='lat' dir='ltr'><strong>namque</strong></span> <span class='ocrx_word' id='word_1_20' title='bbox 2138 498 2314 578; x_wconf 85' lang='lat' dir='ltr'><strong>domi,</strong></span> 
     </span>
     <span class='ocr_line' id='line_1_5' title="bbox 370 580 2316 668; baseline 0.002 -25"><span class='ocrx_word' id='word_1_21' title='bbox 370 593 614 668; x_wconf 85' lang='lat' dir='ltr'><strong>praeter</strong></span> <span class='ocrx_word' id='word_1_22' title='bbox 649 580 934 643; x_wconf 83' lang='lat' dir='ltr'><strong>Carolum</strong></span> <span class='ocrx_word' id='word_1_23' title='bbox 967 603 1142 643; x_wconf 90' lang='lat' dir='ltr'><strong>nemo</strong></span> <span class='ocrx_word' id='word_1_24' title='bbox 1178 603 1475 666; x_wconf 77' lang='lat' dir='ltr'><strong>agressus</strong></span> <span class='ocrx_word' id='word_1_25' title='bbox 1518 595 1641 656; x_wconf 84' lang='lat' dir='ltr'><strong>est3</strong></span> <span class='ocrx_word' id='word_1_26' title='bbox 1686 583 1842 646; x_wconf 86' lang='lat' dir='ltr'><strong>forte</strong></span> <span class='ocrx_word' id='word_1_27' title='bbox 1878 583 2036 668; x_wconf 87' lang='lat' dir='ltr'><strong>quod</strong></span> <span class='ocrx_word' id='word_1_28' title='bbox 2083 582 2169 646; x_wconf 83' lang='lat' dir='ltr'><strong>ita</strong></span> <span class='ocrx_word' id='word_1_29' title='bbox 2213 583 2316 646; x_wconf 88' lang='lat' dir='ltr'><strong>ob-</strong></span> 
     </span>
     <span class='ocr_line' id='line_1_6' title="bbox 370 663 2376 753; baseline 0.001 -26"><span class='ocrx_word' id='word_1_30' title='bbox 370 665 574 727; x_wconf 87' lang='lat' dir='ltr'><strong>vallati</strong></span> <span class='ocrx_word' id='word_1_31' title='bbox 606 687 737 726; x_wconf 88' lang='lat' dir='ltr'><strong>cum</strong></span> <span class='ocrx_word' id='word_1_32' title='bbox 777 676 1012 742; x_wconf 89' lang='lat' dir='ltr'><strong>essent,</strong></span> <span class='ocrx_word' id='word_1_33' title='bbox 1058 663 1338 728; x_wconf 86' lang='lat' dir='ltr'><strong>hostibus</strong></span> <span class='ocrx_word' id='word_1_34' title='bbox 1385 666 1609 728; x_wconf 88' lang='lat' dir='ltr'><strong>exteris</strong></span> <span class='ocrx_word' id='word_1_35' title='bbox 1659 667 2100 753; x_wconf 85' lang='lat' dir='ltr'><strong>insuperabiles</strong></span> <span class='ocrx_word' id='word_1_36' title='bbox 2155 665 2316 729; x_wconf 81' lang='lat' dir='ltr'><strong>vide-</strong></span> <span class='ocrx_word' id='word_1_37' title='bbox 2374 735 2376 738; x_wconf 50' lang='grc'>,</span> 
     </span>
     <span class='ocr_line' id='line_1_7' title="bbox 370 748 2315 838; baseline 0.002 -27"><span class='ocrx_word' id='word_1_38' title='bbox 370 762 597 812; x_wconf 89' lang='lat' dir='ltr'><strong>rentur.</strong></span> <span class='ocrx_word' id='word_1_39' title='bbox 645 749 903 812; x_wconf 85' lang='lat' dir='ltr'><strong>Carolus</strong></span> <span class='ocrx_word' id='word_1_40' title='bbox 945 748 1077 835; x_wconf 89' lang='lat' dir='ltr'><strong>ipse</strong></span> <span class='ocrx_word' id='word_1_41' title='bbox 1112 762 1345 813; x_wconf 88' lang='lat' dir='ltr'><strong>tantum</strong></span> <span class='ocrx_word' id='word_1_42' title='bbox 1388 749 1461 812; x_wconf 91' lang='lat' dir='ltr'><strong>ad</strong></span> <span class='ocrx_word' id='word_1_43' title='bbox 1491 751 1802 814; x_wconf 86' lang='lat' dir='ltr'><strong>Arabonis</strong></span> <span class='ocrx_word' id='word_1_44' title='bbox 1841 751 1996 814; x_wconf 88' lang='lat' dir='ltr'><strong>ostia</strong></span> <span class='ocrx_word' id='word_1_45' title='bbox 2027 752 2315 838; x_wconf 82' lang='lat' dir='ltr'><strong>pervenit.</strong></span> 
     </span>
     <span class='ocr_line' id='line_1_8' title="bbox 369 833 2316 922; baseline 0.001 -25"><span class='ocrx_word' id='word_1_46' title='bbox 369 834 650 919; x_wconf 89' lang='lat' dir='ltr'><strong>Ringus</strong></span> <span class='ocrx_word' id='word_1_47' title='bbox 686 833 948 910; x_wconf 90' lang='lat' dir='ltr'><strong>demum,</strong></span> <span class='ocrx_word' id='word_1_48' title='bbox 993 834 1056 895; x_wconf 93' lang='lat' dir='ltr'><strong>in</strong></span> <span class='ocrx_word' id='word_1_49' title='bbox 1091 857 1207 919; x_wconf 89' lang='lat' dir='ltr'><strong>quo</strong></span> <span class='ocrx_word' id='word_1_50' title='bbox 1236 834 1431 919; x_wconf 91' lang='lat' dir='ltr'><strong>Regia</strong></span> <span class='ocrx_word' id='word_1_51' title='bbox 1457 836 1667 920; x_wconf 84' lang='lat' dir='ltr'><strong>Bajani</strong></span> <span class='ocrx_word' id='word_1_52' title='bbox 1698 836 1836 912; x_wconf 90' lang='lat' dir='ltr'><strong>fuit,</strong></span> <span class='ocrx_word' id='word_1_53' title='bbox 1877 858 2171 922; x_wconf 87' lang='lat' dir='ltr'><strong>quamque</strong></span> <span class='ocrx_word' id='word_1_54' title='bbox 2201 837 2316 898; x_wconf 85' lang='lat' dir='ltr'><strong>Ca-</strong></span> 
     </span>
     <span class='ocr_line' id='line_1_9' title="bbox 371 918 2316 1005; baseline 0.001 -25"><span class='ocrx_word' id='word_1_55' title='bbox 371 918 485 982; x_wconf 90' lang='lat' dir='ltr'><strong>roli</strong></span> <span class='ocrx_word' id='word_1_56' title='bbox 528 918 723 995; x_wconf 89' lang='lat' dir='ltr'><strong>filius,</strong></span> <span class='ocrx_word' id='word_1_57' title='bbox 770 941 840 980; x_wconf 91' lang='lat' dir='ltr'><strong>ac</strong></span> <span class='ocrx_word' id='word_1_58' title='bbox 871 921 1079 980; x_wconf 88' lang='lat' dir='ltr'><strong>Duces</strong></span> <span class='ocrx_word' id='word_1_59' title='bbox 1118 931 1577 1005; x_wconf 86' lang='lat' dir='ltr'><strong>expugnarunt,</strong></span> <span class='ocrx_word' id='word_1_60' title='bbox 1635 943 1754 982; x_wconf 92' lang='lat' dir='ltr'><strong>non</strong></span> <span class='ocrx_word' id='word_1_61' title='bbox 1786 932 2025 1004; x_wconf 87' lang='lat' dir='ltr'><strong>poterat</strong></span> <span class='ocrx_word' id='word_1_62' title='bbox 2058 943 2094 981; x_wconf 94' lang='lat' dir='ltr'><strong>a</strong></span> <span class='ocrx_word' id='word_1_63' title='bbox 2128 919 2316 982; x_wconf 85' lang='lat' dir='ltr'><strong>victo-</strong></span> 
     </span>
     <span class='ocr_line' id='line_1_10' title="bbox 372 1001 2316 1089; baseline 0.001 -25"><span class='ocrx_word' id='word_1_64' title='bbox 372 1003 543 1065; x_wconf 87' lang='lat' dir='ltr'><strong>ribus</strong></span> <span class='ocrx_word' id='word_1_65' title='bbox 578 1003 694 1065; x_wconf 91' lang='lat' dir='ltr'><strong>alia</strong></span> <span class='ocrx_word' id='word_1_66' title='bbox 723 1002 795 1066; x_wconf 89' lang='lat' dir='ltr'><strong>de</strong></span> <span class='ocrx_word' id='word_1_67' title='bbox 829 1025 1015 1064; x_wconf 92' lang='lat' dir='ltr'><strong>causa</strong></span> <span class='ocrx_word' id='word_1_68' title='bbox 1041 1001 1154 1065; x_wconf 88' lang='lat' dir='ltr'><strong>hoc</strong></span> <span class='ocrx_word' id='word_1_69' title='bbox 1186 1002 1423 1064; x_wconf 87' lang='lat' dir='ltr'><strong>nomine</strong></span> <span class='ocrx_word' id='word_1_70' title='bbox 1454 1003 1766 1089; x_wconf 89' lang='lat' dir='ltr'><strong>appellari,</strong></span> <span class='ocrx_word' id='word_1_71' title='bbox 1802 1025 1976 1088; x_wconf 84' lang='lat' dir='ltr'><strong>quam</strong></span> <span class='ocrx_word' id='word_1_72' title='bbox 2008 1003 2164 1089; x_wconf 92' lang='lat' dir='ltr'><strong>quod</strong></span> <span class='ocrx_word' id='word_1_73' title='bbox 2190 1022 2316 1066; x_wconf 90' lang='lat' dir='ltr'><strong>mu-</strong></span> 
     </span>
     <span class='ocr_line' id='line_1_11' title="bbox 373 1086 2314 1173; baseline 0.001 -24"><span class='ocrx_word' id='word_1_74' title='bbox 373 1087 617 1150; x_wconf 90' lang='lat' dir='ltr'><strong>nitionis</strong></span> <span class='ocrx_word' id='word_1_75' title='bbox 665 1110 862 1172; x_wconf 88' lang='lat' dir='ltr'><strong>genus</strong></span> <span class='ocrx_word' id='word_1_76' title='bbox 905 1086 1310 1163; x_wconf 88' lang='lat' dir='ltr'><strong>rotundum,</strong></span> <span class='ocrx_word' id='word_1_77' title='bbox 1366 1086 1615 1171; x_wconf 90' lang='lat' dir='ltr'><strong>reliquis</strong></span> <span class='ocrx_word' id='word_1_78' title='bbox 1653 1088 1919 1173; x_wconf 86' lang='lat' dir='ltr'><strong>proinde·</strong></span> <span class='ocrx_word' id='word_1_79' title='bbox 1954 1087 2314 1150; x_wconf 90' lang='lat' dir='ltr'><strong>simillimum</strong></span> 
     </span>
     <span class='ocr_line' id='line_1_12' title="bbox 372 1169 2316 1257; baseline 0.002 -24"><span class='ocrx_word' id='word_1_80' title='bbox 372 1182 596 1234; x_wconf 82' lang='lat' dir='ltr'><strong>esset.“</strong></span> <span class='ocrx_word' id='word_1_81' title='bbox 652 1175 985 1256; x_wconf 91' lang='lat' dir='ltr'><strong>Hucusque</strong></span> <span class='ocrx_word' id='word_1_82' title='bbox 1034 1173 1332 1256; x_wconf 82' lang='lat' dir='ltr'><strong>Bajtayus</strong></span> <span class='ocrx_word' id='word_1_83' title='bbox 1380 1193 1490 1257; x_wconf 89' lang='lat' dir='ltr'><strong>pro</strong></span> <span class='ocrx_word' id='word_1_84' title='bbox 1537 1194 1704 1235; x_wconf 90' lang='lat' dir='ltr'><strong>more</strong></span> <span class='ocrx_word' id='word_1_85' title='bbox 1745 1195 1859 1235; x_wconf 91' lang='lat' dir='ltr'><strong>suo</strong></span> <span class='ocrx_word' id='word_1_86' title='bbox 1899 1184 2023 1235; x_wconf 89' lang='lat' dir='ltr'><strong>tam</strong></span> <span class='ocrx_word' id='word_1_87' title='bbox 2062 1169 2316 1247; x_wconf 75' lang='lat' dir='ltr'><strong>erudite,</strong></span> 
     </span>
     <span class='ocr_line' id='line_1_13' title="bbox 375 1256 2291 1341; baseline 0.001 -24"><span class='ocrx_word' id='word_1_88' title='bbox 375 1279 552 1341; x_wconf 88' lang='lat' dir='ltr'><strong>quam</strong></span> <span class='ocrx_word' id='word_1_89' title='bbox 585 1256 915 1339; x_wconf 83' lang='lat' dir='ltr'><strong>eleganter.</strong></span> <span class='ocrx_word' id='word_1_90' title='bbox 956 1260 1008 1333; x_wconf 84' lang='grc'><strong>3)</strong></span> <span class='ocrx_word' id='word_1_91' title='bbox 2286 1277 2291 1280; x_wconf 78' lang='lat'>·</span> 
     </span>
    </p>
   </div>
   <div class='ocr_carea' id='block_1_3' title="bbox 370 1465 2317 2124">
    <p class='ocr_par' dir='ltr' id='par_1_3' title="bbox 370 1465 2317 2124">
     <span class='ocr_line' id='line_1_14' title="bbox 510 1465 2317 1534; baseline 0.002 -19"><span class='ocrx_word' id='word_1_92' title='bbox 510 1467 558 1527; x_wconf 84' lang='lat'><strong>3)</strong></span> <span class='ocrx_word' id='word_1_93' title='bbox 603 1466 662 1516; x_wconf 92' lang='lat' dir='ltr'><strong>In</strong></span> <span class='ocrx_word' id='word_1_94' title='bbox 700 1465 818 1516; x_wconf 86' lang='lat' dir='ltr'><strong>hist.</strong></span> <span class='ocrx_word' id='word_1_95' title='bbox 863 1467 1029 1532; x_wconf 89' lang='lat' dir='ltr'><strong>Hung.</strong></span> <span class='ocrx_word' id='word_1_96' title='bbox 1071 1483 1140 1517; x_wconf 92' lang='lat' dir='ltr'><strong>m.</strong></span> <span class='ocrx_word' id='word_1_97' title='bbox 1183 1483 1254 1518; x_wconf 80' lang='lat' dir='ltr'><strong>ss,</strong></span> <span class='ocrx_word' id='word_1_98' title='bbox 1286 1483 1378 1534; x_wconf 89' lang='lat' dir='ltr'><strong>per</strong></span> <span class='ocrx_word' id='word_1_99' title='bbox 1407 1468 1708 1534; x_wconf 75' lang='lat' dir='ltr'><strong>Horanyium</strong></span> <span class='ocrx_word' id='word_1_100' title='bbox 1740 1469 1790 1518; x_wconf 91' lang='lat' dir='ltr'><strong>in</strong></span> <span class='ocrx_word' id='word_1_101' title='bbox 1821 1468 2076 1518; x_wconf 90' lang='lat' dir='ltr'><strong>memoriis</strong></span> <span class='ocrx_word' id='word_1_102' title='bbox 2107 1468 2317 1534; x_wconf 83' lang='lat' dir='ltr'><strong>Hunga-</strong></span> 
     </span>
     <span class='ocr_line' id='line_1_15' title="bbox 370 1551 2312 1620; baseline 0.002 -20"><span class='ocrx_word' id='word_1_103' title='bbox 370 1566 542 1601; x_wconf 89' lang='lat' dir='ltr'><strong>rorum</strong></span> <span class='ocrx_word' id='word_1_104' title='bbox 574 1566 665 1616; x_wconf 88' lang='lat' dir='ltr'><strong>pro</strong></span> <span class='ocrx_word' id='word_1_105' title='bbox 706 1551 883 1602; x_wconf 88' lang='lat' dir='ltr'><strong>merito</strong></span> <span class='ocrx_word' id='word_1_106' title='bbox 914 1552 1126 1602; x_wconf 87' lang='lat' dir='ltr'><strong>laudata.</strong></span> <span class='ocrx_word' id='word_1_107' title='bbox 1176 1553 1279 1602; x_wconf 88' lang='lat' dir='ltr'><strong>Nos</strong></span> <span class='ocrx_word' id='word_1_108' title='bbox 1312 1553 1372 1602; x_wconf 91' lang='lat' dir='ltr'><strong>de</strong></span> <span class='ocrx_word' id='word_1_109' title='bbox 1403 1553 1610 1618; x_wconf 84' lang='lat' dir='ltr'><strong>Ringhis</strong></span> <span class='ocrx_word' id='word_1_110' title='bbox 1641 1553 1787 1618; x_wconf 89' lang='lat' dir='ltr'><strong>plane</strong></span> <span class='ocrx_word' id='word_1_111' title='bbox 1819 1569 1878 1602; x_wconf 88' lang='lat' dir='ltr'><strong>ex</strong></span> <span class='ocrx_word' id='word_1_112' title='bbox 1917 1567 2069 1602; x_wconf 90' lang='lat' dir='ltr'><strong>sensu</strong></span> <span class='ocrx_word' id='word_1_113' title='bbox 2106 1552 2312 1620; x_wconf 80' lang='lat' dir='ltr'><strong>Bajtayi‚</strong></span> 
     </span>
     <span class='ocr_line' id='line_1_16' title="bbox 373 1635 2315 1704; baseline 0.002 -20"><span class='ocrx_word' id='word_1_114' title='bbox 373 1636 491 1685; x_wconf 88' lang='lat' dir='ltr'><strong>dum</strong></span> <span class='ocrx_word' id='word_1_115' title='bbox 522 1636 581 1684; x_wconf 91' lang='lat' dir='ltr'><strong>ad</strong></span> <span class='ocrx_word' id='word_1_116' title='bbox 613 1635 883 1699; x_wconf 86' lang='lat' dir='ltr'><strong>hungarica</strong></span> <span class='ocrx_word' id='word_1_117' title='bbox 913 1637 1214 1704; x_wconf 77' lang='lat' dir='ltr'><strong>venerimUS‚</strong></span> <span class='ocrx_word' id='word_1_118' title='bbox 1245 1637 1415 1702; x_wconf 90' lang='lat' dir='ltr'><strong>plura;</strong></span> <span class='ocrx_word' id='word_1_119' title='bbox 1448 1638 1530 1687; x_wconf 88' lang='lat' dir='ltr'><strong>hic</strong></span> <span class='ocrx_word' id='word_1_120' title='bbox 1560 1643 1752 1687; x_wconf 84' lang='lat' dir='ltr'><strong>tantum</strong></span> <span class='ocrx_word' id='word_1_121' title='bbox 1780 1637 2100 1687; x_wconf 82' lang='lat' dir='ltr'><strong>adnotamus:</strong></span> <span class='ocrx_word' id='word_1_122' title='bbox 2133 1652 2315 1703; x_wconf 87' lang='lat' dir='ltr'><strong>magno</strong></span> 
     </span>
     <span class='ocr_line' id='line_1_17' title="bbox 374 1710 2315 1787; baseline 0.002 -19"><span class='ocrx_word' id='word_1_123' title='bbox 374 1735 461 1769; x_wconf 89' lang='lat' dir='ltr'><strong>eos</strong></span> <span class='ocrx_word' id='word_1_124' title='bbox 509 1726 689 1769; x_wconf 85' lang='lat' dir='ltr'><strong>conatu</strong></span> <span class='ocrx_word' id='word_1_125' title='bbox 736 1735 940 1784; x_wconf 87' lang='lat' dir='ltr'><strong>magnas</strong></span> <span class='ocrx_word' id='word_1_126' title='bbox 979 1710 1138 1787; x_wconf 83' lang='lat' dir='ltr'><strong>nugas</strong></span> <span class='ocrx_word' id='word_1_127' title='bbox 1179 1721 1371 1782; x_wconf 87' lang='lat' dir='ltr'><strong>dicere,</strong></span> <span class='ocrx_word' id='word_1_128' title='bbox 1428 1722 1510 1786; x_wconf 92' lang='lat' dir='ltr'><strong>qui</strong></span> <span class='ocrx_word' id='word_1_129' title='bbox 1551 1722 1754 1772; x_wconf 83' lang='lat' dir='ltr'><strong>Notkeri</strong></span> <span class='ocrx_word' id='word_1_130' title='bbox 1793 1721 2079 1787; x_wconf 85' lang='lat' dir='ltr'><strong>praetensi,</strong></span> <span class='ocrx_word' id='word_1_131' title='bbox 2130 1721 2315 1786; x_wconf 87' lang='lat' dir='ltr'><strong>hegin</strong></span> 
     </span>
     <span class='ocr_line' id='line_1_18' title="bbox 373 1803 2316 1872; baseline 0.002 -20"><span class='ocrx_word' id='word_1_132' title='bbox 373 1805 551 1869; x_wconf 86' lang='lat' dir='ltr'><strong>(hege,</strong></span> <span class='ocrx_word' id='word_1_133' title='bbox 593 1803 748 1853; x_wconf 89' lang='lat' dir='ltr'><strong>hecke</strong></span> <span class='ocrx_word' id='word_1_134' title='bbox 779 1821 872 1854; x_wconf 86' lang='lat' dir='ltr'><strong>vox</strong></span> <span class='ocrx_word' id='word_1_135' title='bbox 902 1804 1207 1870; x_wconf 86' lang='lat' dir='ltr'><strong>germanica:</strong></span> <span class='ocrx_word' id='word_1_136' title='bbox 1243 1821 1422 1870; x_wconf 88' lang='lat' dir='ltr'><strong>sepes</strong></span> <span class='ocrx_word' id='word_1_137' title='bbox 1453 1806 1581 1855; x_wconf 88' lang='lat' dir='ltr'><strong>viva</strong></span> <span class='ocrx_word' id='word_1_138' title='bbox 1611 1806 1701 1867; x_wconf 87' lang='lat' dir='ltr'><strong>ait,</strong></span> <span class='ocrx_word' id='word_1_139' title='bbox 1749 1806 1915 1872; x_wconf 87' lang='lat' dir='ltr'><strong>paullo</strong></span> <span class='ocrx_word' id='word_1_140' title='bbox 1946 1811 2060 1855; x_wconf 87' lang='lat' dir='ltr'><strong>ante</strong></span> <span class='ocrx_word' id='word_1_141' title='bbox 2090 1806 2316 1856; x_wconf 87' lang='lat' dir='ltr'><strong>laudatus</strong></span> 
     </span>
     <span class='ocr_line' id='line_1_19' title="bbox 370 1885 2317 1956; baseline 0.002 -19"><span class='ocrx_word' id='word_1_142' title='bbox 370 1888 599 1938; x_wconf 88' lang='lat' dir='ltr'><strong>Perczius</strong></span> <span class='ocrx_word' id='word_1_143' title='bbox 638 1888 862 1938; x_wconf 89' lang='lat' dir='ltr'><strong>Monum.</strong></span> <span class='ocrx_word' id='word_1_144' title='bbox 908 1889 1075 1940; x_wconf 87' lang='lat' dir='ltr'><strong>Germ.</strong></span> <span class='ocrx_word' id='word_1_145' title='bbox 1110 1889 1228 1940; x_wconf 84' lang='lat' dir='ltr'><strong>hist.</strong></span> <span class='ocrx_word' id='word_1_146' title='bbox 1264 1890 1446 1956; x_wconf 88' lang='lat' dir='ltr'><strong>Script.</strong></span> <span class='ocrx_word' id='word_1_147' title='bbox 1490 1890 1548 1940; x_wconf 90' lang='lat' dir='ltr'><strong>T.</strong></span> <span class='ocrx_word' id='word_1_148' title='bbox 1582 1890 1644 1940; x_wconf 92' lang='grc' dir='ltr'><strong>ΙΙ.</strong></span> <span class='ocrx_word' id='word_1_149' title='bbox 1685 1906 1736 1955; x_wconf 89' lang='lat' dir='ltr'><strong>p.</strong></span> <span class='ocrx_word' id='word_1_150' title='bbox 1775 1885 1921 1952; x_wconf 66' lang='lat'>748)</span> <span class='ocrx_word' id='word_1_151' title='bbox 1954 1890 2015 1939; x_wconf 90' lang='lat' dir='ltr'><strong>de</strong></span> <span class='ocrx_word' id='word_1_152' title='bbox 2054 1895 2190 1940; x_wconf 83' lang='lat' dir='ltr'><strong>textu</strong></span> <span class='ocrx_word' id='word_1_153' title='bbox 2230 1905 2317 1940; x_wconf 89' lang='lat' dir='ltr'><strong>re-</strong></span> 
     </span>
     <span class='ocr_line' id='line_1_20' title="bbox 373 1973 2314 2040; baseline 0.002 -19"><span class='ocrx_word' id='word_1_154' title='bbox 373 1973 593 2031; x_wconf 85' lang='lat' dir='ltr'><strong>vulsum,</strong></span> <span class='ocrx_word' id='word_1_155' title='bbox 642 1973 952 2038; x_wconf 84' lang='lat' dir='ltr'><strong>formamque</strong></span> <span class='ocrx_word' id='word_1_156' title='bbox 1005 1975 1326 2039; x_wconf 82' lang='lat' dir='ltr'><strong>hungaricam</strong></span> <span class='ocrx_word' id='word_1_157' title='bbox 1373 1975 1565 2040; x_wconf 78' lang='lat' dir='ltr'><strong>hagany</strong></span> <span class='ocrx_word' id='word_1_158' title='bbox 1610 1975 1864 2035; x_wconf 84' lang='lat' dir='ltr'><strong>indutum,</strong></span> <span class='ocrx_word' id='word_1_159' title='bbox 1915 1988 2008 2039; x_wconf 88' lang='lat' dir='ltr'><strong>pro</strong></span> <span class='ocrx_word' id='word_1_160' title='bbox 2050 1973 2314 2024; x_wconf 86' lang='lat' dir='ltr'><strong>vernaculo</strong></span> 
     </span>
     <span class='ocr_line' id='line_1_21' title="bbox 375 2057 2027 2124; baseline 0.001 -17"><span class='ocrx_word' id='word_1_161' title='bbox 375 2057 798 2107; x_wconf 85' lang='lat' dir='ltr'><strong>munimentorum</strong></span> <span class='ocrx_word' id='word_1_162' title='bbox 831 2057 1011 2109; x_wconf 90' lang='lat' dir='ltr'><strong>horum</strong></span> <span class='ocrx_word' id='word_1_163' title='bbox 1042 2059 1174 2124; x_wconf 90' lang='lat' dir='ltr'><strong>apud</strong></span> <span class='ocrx_word' id='word_1_164' title='bbox 1204 2059 1495 2110; x_wconf 88' lang='lat' dir='ltr'><strong>Varchunos</strong></span> <span class='ocrx_word' id='word_1_165' title='bbox 1526 2059 1728 2109; x_wconf 89' lang='lat' dir='ltr'><strong>nomine</strong></span> <span class='ocrx_word' id='word_1_166' title='bbox 1758 2058 2027 2109; x_wconf 85' lang='lat' dir='ltr'><strong>venditant.</strong></span> 
     </span>
    </p>
   </div>
   <div class='ocr_carea' id='block_1_4' title="bbox 1249 2252 1436 2327">
    <p class='ocr_par' dir='ltr' id='par_1_4' title="bbox 1249 2252 1436 2327">
     <span class='ocr_line' id='line_1_22' title="bbox 1249 2252 1436 2327; baseline -0.005 -16"><span class='ocrx_word' id='word_1_167' title='bbox 1249 2252 1292 2327; x_wconf 66' lang='grc' dir='ltr'><strong>ς</strong></span> <span class='ocrx_word' id='word_1_168' title='bbox 1335 2255 1436 2312; x_wconf 77' lang='lat'><strong>37.</strong></span> 
     </span>
    </p>
   </div>
   <div class='ocr_carea' id='block_1_5' title="bbox 377 2416 2316 2652">
    <p class='ocr_par' dir='ltr' id='par_1_5' title="bbox 377 2416 2316 2652">
     <span class='ocr_line' id='line_1_23' title="bbox 377 2416 2316 2483; baseline 0 -17"><span class='ocrx_word' id='word_1_169' title='bbox 377 2417 636 2474; x_wconf 88' lang='lat' dir='ltr'><strong>Quorum</strong></span> <span class='ocrx_word' id='word_1_170' title='bbox 675 2417 821 2467; x_wconf 80' lang='lat' dir='ltr'><strong>licet</strong></span> <span class='ocrx_word' id='word_1_171' title='bbox 858 2418 1027 2482; x_wconf 89' lang='lat' dir='ltr'><strong>plura</strong></span> <span class='ocrx_word' id='word_1_172' title='bbox 1066 2433 1173 2483; x_wconf 89' lang='lat' dir='ltr'><strong>per</strong></span> <span class='ocrx_word' id='word_1_173' title='bbox 1212 2417 1491 2468; x_wconf 87' lang='lat' dir='ltr'><strong>Carolum</strong></span> <span class='ocrx_word' id='word_1_174' title='bbox 1528 2418 1823 2482; x_wconf 86' lang='lat' dir='ltr'><strong>Magnum,</strong></span> <span class='ocrx_word' id='word_1_175' title='bbox 1863 2416 2179 2482; x_wconf 82' lang='lat' dir='ltr'><strong>filiumque</strong></span> <span class='ocrx_word' id='word_1_176' title='bbox 2210 2431 2316 2466; x_wconf 85' lang='lat' dir='ltr'><strong>ex-</strong></span> 
     </span>
     <span class='ocr_line' id='line_1_24' title="bbox 511 2502 2187 2568; baseline 0.001 -17"><span class='ocrx_word' id='word_1_177' title='bbox 511 2508 771 2566; x_wconf 87' lang='lat' dir='ltr'><strong>pugnata</strong></span> <span class='ocrx_word' id='word_1_178' title='bbox 819 2502 963 2564; x_wconf 84' lang='lat' dir='ltr'><strong>sint,</strong></span> <span class='ocrx_word' id='word_1_179' title='bbox 1011 2502 1280 2553; x_wconf 84' lang='lat' dir='ltr'><strong>instituti</strong></span> <span class='ocrx_word' id='word_1_180' title='bbox 1326 2503 1653 2568; x_wconf 84' lang='lat' dir='ltr'><strong>expugnari</strong></span> <span class='ocrx_word' id='word_1_181' title='bbox 1700 2502 2023 2552; x_wconf 87' lang='lat' dir='ltr'><strong>consilium</strong></span> <span class='ocrx_word' id='word_1_182' title='bbox 2070 2516 2187 2562; x_wconf 84' lang='lat' dir='ltr'><strong>non</strong></span> 
     </span>
     <span class='ocr_line' id='line_1_25' title="bbox 1238 2588 1455 2652; baseline 0 -15"><span class='ocrx_word' id='word_1_183' title='bbox 1238 2588 1455 2652; x_wconf 83' lang='lat' dir='ltr'><strong>potuit.</strong></span> 
     </span>
    </p>
   </div>
   <div class='ocr_carea' id='block_1_6' title="bbox 376 2746 2318 3342">
    <p class='ocr_par' dir='ltr' id='par_1_6' title="bbox 376 2746 2318 3342">
     <span class='ocr_line' id='line_1_26' title="bbox 548 2746 2317 2835; baseline -0.001 -26"><span class='ocrx_word' id='word_1_184' title='bbox 548 2746 847 2833; x_wconf 81' lang='lat' dir='ltr'><strong>Quidquid</strong></span> <span class='ocrx_word' id='word_1_185' title='bbox 876 2747 1114 2811; x_wconf 90' lang='lat' dir='ltr'><strong>interim</strong></span> <span class='ocrx_word' id='word_1_186' title='bbox 1138 2748 1211 2811; x_wconf 89' lang='lat' dir='ltr'><strong>ad</strong></span> <span class='ocrx_word' id='word_1_187' title='bbox 1236 2772 1549 2812; x_wconf 90' lang='lat' dir='ltr'><strong>numerum</strong></span> <span class='ocrx_word' id='word_1_188' title='bbox 1572 2760 2050 2835; x_wconf 81' lang='lat' dir='ltr'><strong>expugnatorum</strong></span> <span class='ocrx_word' id='word_1_189' title='bbox 2073 2768 2181 2832; x_wconf 88' lang='lat' dir='ltr'><strong>per</strong></span> <span class='ocrx_word' id='word_1_190' title='bbox 2203 2747 2317 2808; x_wconf 87' lang='lat' dir='ltr'><strong>Ca-</strong></span> 
     </span>
     <span class='ocr_line' id='line_1_27' title="bbox 376 2828 2318 2919; baseline 0.001 -28"><span class='ocrx_word' id='word_1_191' title='bbox 376 2831 568 2892; x_wconf 89' lang='lat' dir='ltr'><strong>rolum</strong></span> <span class='ocrx_word' id='word_1_192' title='bbox 601 2831 903 2917; x_wconf 90' lang='lat' dir='ltr'><strong>filiumque</strong></span> <span class='ocrx_word' id='word_1_193' title='bbox 938 2833 1440 2896; x_wconf 90' lang='lat' dir='ltr'><strong>munimentorum</strong></span> <span class='ocrx_word' id='word_1_194' title='bbox 1463 2831 1831 2919; x_wconf 89' lang='lat' dir='ltr'><strong>hujusmodi:</strong></span> <span class='ocrx_word' id='word_1_195' title='bbox 1895 2854 2108 2918; x_wconf 89' lang='lat' dir='ltr'><strong>parum</strong></span> <span class='ocrx_word' id='word_1_196' title='bbox 2143 2828 2204 2892; x_wconf 87' lang='lat' dir='ltr'><strong>id</strong></span> <span class='ocrx_word' id='word_1_197' title='bbox 2243 2829 2318 2893; x_wconf 90' lang='lat' dir='ltr'><strong>ad</strong></span> 
     </span>
     <span class='ocr_line' id='line_1_28' title="bbox 377 2913 2315 3003; baseline 0 -28"><span class='ocrx_word' id='word_1_198' title='bbox 377 2938 504 2977; x_wconf 88' lang='lat' dir='ltr'><strong>rem</strong></span> <span class='ocrx_word' id='word_1_199' title='bbox 557 2928 855 2989; x_wconf 79' lang='lat' dir='ltr'><strong>nostram3</strong></span> <span class='ocrx_word' id='word_1_200' title='bbox 918 2915 1235 3003; x_wconf 89' lang='lat' dir='ltr'><strong>prudentia</strong></span> <span class='ocrx_word' id='word_1_201' title='bbox 1293 2918 1624 2979; x_wconf 87' lang='lat' dir='ltr'><strong>castrensis</strong></span> <span class='ocrx_word' id='word_1_202' title='bbox 1660 2915 1838 3002; x_wconf 87' lang='lat' dir='ltr'><strong>hujus</strong></span> <span class='ocrx_word' id='word_1_203' title='bbox 1871 2914 2132 2979; x_wconf 88' lang='lat' dir='ltr'><strong>instituti</strong></span> <span class='ocrx_word' id='word_1_204' title='bbox 2173 2913 2315 2995; x_wconf 89' lang='lat' dir='ltr'><strong>(hoc</strong></span> 
     </span>
     <span class='ocr_line' id='line_1_29' title="bbox 377 3000 2317 3086; baseline 0 -25"><span class='ocrx_word' id='word_1_205' title='bbox 377 3023 660 3086; x_wconf 90' lang='lat' dir='ltr'><strong>namque,</strong></span> <span class='ocrx_word' id='word_1_206' title='bbox 706 3000 911 3077; x_wconf 90' lang='lat' dir='ltr'><strong>velim,</strong></span> <span class='ocrx_word' id='word_1_207' title='bbox 961 3013 1020 3064; x_wconf 87' lang='lat' dir='ltr'><strong>et</strong></span> <span class='ocrx_word' id='word_1_208' title='bbox 1055 3025 1172 3063; x_wconf 91' lang='lat' dir='ltr'><strong>non</strong></span> <span class='ocrx_word' id='word_1_209' title='bbox 1202 3001 1358 3064; x_wconf 86' lang='lat' dir='ltr'><strong>forte</strong></span> <span class='ocrx_word' id='word_1_210' title='bbox 1391 3002 1703 3065; x_wconf 86' lang='lat' dir='ltr'><strong>Gallorum</strong></span> <span class='ocrx_word' id='word_1_211' title='bbox 1734 3001 2104 3065; x_wconf 88' lang='lat' dir='ltr'><strong>Nerviorum</strong></span> <span class='ocrx_word' id='word_1_212' title='bbox 2139 3023 2317 3086; x_wconf 89' lang='lat' dir='ltr'><strong>sepes</strong></span> 
     </span>
     <span class='ocr_line' id='line_1_30' title="bbox 378 3084 2317 3173; baseline 0 -26"><span class='ocrx_word' id='word_1_213' title='bbox 378 3109 486 3171; x_wconf 89' lang='lat' dir='ltr'><strong>per</strong></span> <span class='ocrx_word' id='word_1_214' title='bbox 532 3085 763 3148; x_wconf 89' lang='lat' dir='ltr'><strong>Julium</strong></span> <span class='ocrx_word' id='word_1_215' title='bbox 799 3088 1123 3149; x_wconf 86' lang='lat' dir='ltr'><strong>Caesarem</strong></span> <span class='ocrx_word' id='word_1_216' title='bbox 1159 3085 1495 3173; x_wconf 87' lang='lat' dir='ltr'><strong>descriptas</strong></span> <span class='ocrx_word' id='word_1_217' title='bbox 1536 3093 1581 3166; x_wconf 88' lang='lat'><strong>¹)</strong></span> <span class='ocrx_word' id='word_1_218' title='bbox 1621 3087 1917 3172; x_wconf 80' lang='lat' dir='ltr'><strong>cogites),</strong></span> <span class='ocrx_word' id='word_1_219' title='bbox 1965 3086 2126 3149; x_wconf 87' lang='lat' dir='ltr'><strong>velut</strong></span> <span class='ocrx_word' id='word_1_220' title='bbox 2147 3084 2317 3169; x_wconf 87' lang='lat' dir='ltr'><strong>inge-</strong></span> 
     </span>
     <span class='ocr_line' id='line_1_31' title="bbox 379 3167 2316 3258; baseline 0 -28"><span class='ocrx_word' id='word_1_221' title='bbox 379 3169 474 3233; x_wconf 91' lang='lat' dir='ltr'><strong>nio</strong></span> <span class='ocrx_word' id='word_1_222' title='bbox 516 3170 901 3257; x_wconf 89' lang='lat' dir='ltr'><strong>moribusque</strong></span> <span class='ocrx_word' id='word_1_223' title='bbox 937 3171 1292 3258; x_wconf 88' lang='lat' dir='ltr'><strong>populorum</strong></span> <span class='ocrx_word' id='word_1_224' title='bbox 1327 3171 1572 3256; x_wconf 91' lang='lat' dir='ltr'><strong>generis</strong></span> <span class='ocrx_word' id='word_1_225' title='bbox 1626 3172 1822 3234; x_wconf 82' lang='lat' dir='ltr'><strong>nostri</strong></span> <span class='ocrx_word' id='word_1_226' title='bbox 1865 3171 2077 3247; x_wconf 90' lang='lat' dir='ltr'><strong>insita,</strong></span> <span class='ocrx_word' id='word_1_227' title='bbox 2125 3167 2316 3232; x_wconf 87' lang='lat' dir='ltr'><strong>everti</strong></span> 
     </span>
     <span class='ocr_line' id='line_1_32' title="bbox 381 3251 2316 3342; baseline -0.001 -26"><span class='ocrx_word' id='word_1_228' title='bbox 381 3277 510 3316; x_wconf 89' lang='lat' dir='ltr'><strong>cum</strong></span> <span class='ocrx_word' id='word_1_229' title='bbox 537 3255 819 3342; x_wconf 85' lang='lat' dir='ltr'><strong>operibus</strong></span> <span class='ocrx_word' id='word_1_230' title='bbox 845 3254 964 3318; x_wconf 90' lang='lat' dir='ltr'><strong>illis</strong></span> <span class='ocrx_word' id='word_1_231' title='bbox 994 3253 1459 3320; x_wconf 89' lang='lat' dir='ltr'><strong>Varchunorum</strong></span> <span class='ocrx_word' id='word_1_232' title='bbox 1494 3257 1699 3320; x_wconf 88' lang='lat' dir='ltr'><strong>labore</strong></span> <span class='ocrx_word' id='word_1_233' title='bbox 1734 3257 1911 3321; x_wconf 86' lang='lat' dir='ltr'><strong>sactis</strong></span> <span class='ocrx_word' id='word_1_234' title='bbox 1952 3279 2072 3320; x_wconf 90' lang='lat' dir='ltr'><strong>non</strong></span> <span class='ocrx_word' id='word_1_235' title='bbox 2107 3251 2316 3342; x_wconf 89' lang='lat' dir='ltr'><strong>potuit.</strong></span> 
     </span>
    </p>
   </div>
   <div class='ocr_carea' id='block_1_7' title="bbox 526 3467 1343 3533">
    <p class='ocr_par' dir='ltr' id='par_1_7' title="bbox 526 3467 1343 3533">
     <span class='ocr_line' id='line_1_33' title="bbox 526 3467 1343 3533; baseline 0.001 -16"><span class='ocrx_word' id='word_1_236' title='bbox 526 3470 564 3526; x_wconf 88' lang='lat'><strong>¹)</strong></span> <span class='ocrx_word' id='word_1_237' title='bbox 615 3469 682 3515; x_wconf 79' lang='lat' dir='ltr'><strong>De</strong></span> <span class='ocrx_word' id='word_1_238' title='bbox 715 3468 845 3518; x_wconf 91' lang='lat' dir='ltr'><strong>hello</strong></span> <span class='ocrx_word' id='word_1_239' title='bbox 877 3470 988 3533; x_wconf 74' lang='lat' dir='ltr'><strong>gall.</strong></span> <span class='ocrx_word' id='word_1_240' title='bbox 1033 3470 1065 3520; x_wconf 91' lang='grc'><strong>1.</strong></span> <span class='ocrx_word' id='word_1_241' title='bbox 1101 3471 1161 3519; x_wconf 87' lang='lat'><strong>11.</strong></span> <span class='ocrx_word' id='word_1_242' title='bbox 1206 3487 1250 3518; x_wconf 77' lang='lat' dir='ltr'><strong>c.</strong></span> <span class='ocrx_word' id='word_1_243' title='bbox 1288 3467 1343 3518; x_wconf 83' lang='lat'><strong>9.</strong></span> 
     </span>
    </p>
   </div>
  </div>
 </body>
</html>
