<?xml version="1.0" encoding="UTF-8"?>
<!DOCTYPE html PUBLIC "-//W3C//DTD XHTML 1.0 Transitional//EN"
    "http://www.w3.org/TR/xhtml1/DTD/xhtml1-transitional.dtd">
<html xmlns="http://www.w3.org/1999/xhtml" xml:lang="en" lang="en">
 <head>
  <title>
</title>
<meta http-equiv="Content-Type" content="text/html;charset=utf-8" />
  <meta name='ocr-system' content='tesseract 3.04.00' />
  <meta name='ocr-capabilities' content='ocr_page ocr_carea ocr_par ocr_line ocrx_word'/>
</head>
<body>
  <div class='ocr_page' id='page_1' title='image "./commentariorumad01bart_0127.png"; bbox 0 0 2384 3886; ppageno 0'>
   <div class='ocr_carea' id='block_1_1' title="bbox 1926 165 2048 221">
    <p class='ocr_par' dir='ltr' id='par_1_1' title="bbox 1926 165 2048 221">
     <span class='ocr_line' id='line_1_1' title="bbox 1926 165 2048 221; baseline 0.016 -2"><span class='ocrx_word' id='word_1_1' title='bbox 1926 165 2048 221; x_wconf 80' lang='lat'>119</span> 
     </span>
    </p>
   </div>
   <div class='ocr_carea' id='block_1_2' title="bbox 23 300 2041 397">
    <p class='ocr_par' dir='ltr' id='par_1_2' title="bbox 23 300 2041 397">
     <span class='ocr_line' id='line_1_2' title="bbox 23 300 2041 397; baseline -0.002 -29"><span class='ocrx_word' id='word_1_2' title='bbox 23 301 25 304; x_wconf 39' lang='lat'>¹</span> <span class='ocrx_word' id='word_1_3' title='bbox 109 306 450 392; x_wconf 82' lang='lat' dir='ltr'>gubernare</span> <span class='ocrx_word' id='word_1_4' title='bbox 498 304 709 390; x_wconf 82' lang='lat' dir='ltr'><strong>possit.</strong></span> <span class='ocrx_word' id='word_1_5' title='bbox 774 301 1092 387; x_wconf 84' lang='lat' dir='ltr'>Imperium</span> <span class='ocrx_word' id='word_1_6' title='bbox 1143 300 1343 387; x_wconf 89' lang='lat' dir='ltr'>itaque</span> <span class='ocrx_word' id='word_1_7' title='bbox 1394 300 2041 397; x_wconf 42' lang='lat' dir='ltr'>absolutum-perinde,</span> 
     </span>
    </p>
   </div>
   <div class='ocr_carea' id='block_1_3' title="bbox 109 383 2041 475">
    <p class='ocr_par' dir='ltr' id='par_1_3' title="bbox 109 383 2041 475">
     <span class='ocr_line' id='line_1_3' title="bbox 109 383 2041 475; baseline -0.003 -23"><span class='ocrx_word' id='word_1_8' title='bbox 109 403 286 475; x_wconf 88' lang='lat' dir='ltr'>atque</span> <span class='ocrx_word' id='word_1_9' title='bbox 336 387 762 451; x_wconf 89' lang='lat' dir='ltr'>celeberrimus</span> <span class='ocrx_word' id='word_1_10' title='bbox 813 388 1107 448; x_wconf 76' lang='lat' dir='ltr'>Piitterus</span> <span class='ocrx_word' id='word_1_11' title='bbox 1159 383 1248 447; x_wconf 36' lang='lat' dir='ltr'>de*</span> <span class='ocrx_word' id='word_1_12' title='bbox 1285 386 1608 449; x_wconf 81' lang='lat' dir='ltr'>Germania</span> <span class='ocrx_word' id='word_1_13' title='bbox 1647 385 1824 462; x_wconf 73' lang='lat' dir='ltr'>dixu,</span> <span class='ocrx_word' id='word_1_14' title='bbox 1887 408 2041 470; x_wconf 81' lang='lat' dir='ltr'>gens</span> 
     </span>
    </p>
   </div>
   <div class='ocr_carea' id='block_1_4' title="bbox 0 468 2042 723">
    <p class='ocr_par' dir='ltr' id='par_1_4' title="bbox 0 468 2042 723">
     <span class='ocr_line' id='line_1_4' title="bbox 107 468 2040 558; baseline -0.002 -22.262"><span class='ocrx_word' id='word_1_15' title='bbox 107 487 314 537; x_wconf 89' lang='lat' dir='ltr'>nostra</span> <span class='ocrx_word' id='word_1_16' title='bbox 360 495 657 558; x_wconf 90' lang='lat' dir='ltr'>nunquam</span> <span class='ocrx_word' id='word_1_17' title='bbox 713 468 910 543; x_wconf 85' lang='lat' dir='ltr'>novit3</span> <span class='ocrx_word' id='word_1_18' title='bbox 959 469 1116 553; x_wconf 90' lang='lat' dir='ltr'>quod</span> <span class='ocrx_word' id='word_1_19' title='bbox 1155 491 1264 553; x_wconf 91' lang='lat' dir='ltr'>per</span> <span class='ocrx_word' id='word_1_20' title='bbox 1302 469 1574 554; x_wconf 80' lang='lat' dir='ltr'>singulas</span> <span class='ocrx_word' id='word_1_21' title='bbox 1613 494 1801 556; x_wconf 90' lang='lat' dir='ltr'>usque</span> <span class='ocrx_word' id='word_1_22' title='bbox 1842 469 2040 532; x_wconf 88' lang='lat' dir='ltr'>condi—</span> 
     </span>
     <span class='ocr_line' id='line_1_5' title="bbox 0 550 2042 640; baseline -0.001 -20"><span class='ocrx_word' id='word_1_23' title='bbox 0 550 37 586; x_wconf 56' lang='grc'>’“’””</span> <span class='ocrx_word' id='word_1_24' title='bbox 106 571 231 620; x_wconf 91' lang='lat' dir='ltr'>tum</span> <span class='ocrx_word' id='word_1_25' title='bbox 282 581 356 620; x_wconf 86' lang='lat' dir='ltr'>ex</span> <span class='ocrx_word' id='word_1_26' title='bbox 406 579 592 619; x_wconf 90' lang='lat' dir='ltr'>sensu</span> <span class='ocrx_word' id='word_1_27' title='bbox 635 553 793 640; x_wconf 85' lang='lat' dir='ltr'>pacti</span> <span class='ocrx_word' id='word_1_28' title='bbox 846 552 1026 638; x_wconf 87' lang='lat' dir='ltr'>hujus</span> <span class='ocrx_word' id='word_1_29' title='bbox 1070 563 1164 614; x_wconf 87' lang='lat' dir='ltr'>art</span> <span class='ocrx_word' id='word_1_30' title='bbox 1199 560 1300 614; x_wconf 85' lang='lat'>31.</span> <span class='ocrx_word' id='word_1_31' title='bbox 1346 576 1397 614; x_wconf 90' lang='lat' dir='ltr'>a.</span> <span class='ocrx_word' id='word_1_32' title='bbox 1443 560 1642 632; x_wconf 80' lang='lat'>1526,</span> <span class='ocrx_word' id='word_1_33' title='bbox 1708 554 2042 619; x_wconf 77' lang='lat' dir='ltr'>edisserere</span> 
     </span>
     <span class='ocr_line' id='line_1_6' title="bbox 107 636 1551 723; baseline -0.005 -18.483"><span class='ocrx_word' id='word_1_34' title='bbox 107 654 369 719; x_wconf 85' lang='lat' dir='ltr'>aetates,</span> <span class='ocrx_word' id='word_1_35' title='bbox 415 641 490 704; x_wconf 87' lang='lat' dir='ltr'>ad</span> <span class='ocrx_word' id='word_1_36' title='bbox 527 639 705 723; x_wconf 86' lang='lat' dir='ltr'>hujus</span> <span class='ocrx_word' id='word_1_37' title='bbox 736 650 942 722; x_wconf 81' lang='lat' dir='ltr'>partes</span> <span class='ocrx_word' id='word_1_38' title='bbox 981 636 1242 700; x_wconf 89' lang='lat' dir='ltr'>instituti</span> <span class='ocrx_word' id='word_1_39' title='bbox 1276 636 1551 722; x_wconf 83' lang='lat' dir='ltr'>pertinet.</span> 
     </span>
    </p>
   </div>
   <div class='ocr_carea' id='block_1_5' title="bbox 0 3088 7 3677">
    <p class='ocr_par' dir='ltr' id='par_1_5' title="bbox 0 3088 7 3677">
     <span class='ocr_line' id='line_1_7' title="bbox 0 3088 7 3677; textangle 90"><span class='ocrx_word' id='word_1_40' title='bbox 0 3569 7 3677; x_wconf 47' lang='grc' dir='ltr'>-ψ</span> <span class='ocrx_word' id='word_1_41' title='bbox 0 3245 5 3557; x_wconf 34' lang='grc' dir='ltr'>«ῖᾼῂψᾼν-ν-Αὴ-νᾼή</span> <span class='ocrx_word' id='word_1_42' title='bbox 0 3204 3 3233; x_wconf 47' lang='lat' dir='ltr'>ff&gt;</span> <span class='ocrx_word' id='word_1_43' title='bbox 0 3179 4 3185; x_wconf 92' lang='lat'>.</span> <span class='ocrx_word' id='word_1_44' title='bbox 0 3088 4 3123; x_wconf 51' lang='lat'>,-</span> 
     </span>
    </p>
   </div>
   <div class='ocr_carea' id='block_1_6' title="bbox 974 856 1159 931">
    <p class='ocr_par' dir='ltr' id='par_1_6' title="bbox 974 856 1159 931">
     <span class='ocr_line' id='line_1_8' title="bbox 974 856 1159 931; baseline -0.005 -19"><span class='ocrx_word' id='word_1_45' title='bbox 974 856 1015 931; x_wconf 77' lang='lat'><em>§</em></span> <span class='ocrx_word' id='word_1_46' title='bbox 1063 859 1159 912; x_wconf 88' lang='lat'>11.</span> 
     </span>
    </p>
   </div>
   <div class='ocr_carea' id='block_1_7' title="bbox 884 1007 1242 1071">
    <p class='ocr_par' dir='ltr' id='par_1_7' title="bbox 884 1007 1242 1071">
     <span class='ocr_line' id='line_1_9' title="bbox 884 1007 1242 1071; baseline 0 -16"><span class='ocrx_word' id='word_1_47' title='bbox 884 1007 953 1056; x_wconf 90' lang='lat' dir='ltr'>de</span> <span class='ocrx_word' id='word_1_48' title='bbox 1001 1012 1242 1071; x_wconf 82' lang='lat' dir='ltr'>quarto,</span> 
     </span>
    </p>
   </div>
   <div class='ocr_carea' id='block_1_8' title="bbox 100 1151 2034 1577">
    <p class='ocr_par' dir='ltr' id='par_1_8' title="bbox 100 1151 2034 1577">
     <span class='ocr_line' id='line_1_10' title="bbox 274 1151 2034 1238; baseline -0.001 -21"><span class='ocrx_word' id='word_1_49' title='bbox 274 1156 648 1217; x_wconf 83' lang='lat' dir='ltr'>Conventum</span> <span class='ocrx_word' id='word_1_50' title='bbox 683 1152 916 1216; x_wconf 88' lang='lat' dir='ltr'>demum</span> <span class='ocrx_word' id='word_1_51' title='bbox 957 1151 1382 1215; x_wconf 84' lang='lat' dir='ltr'>fundamentali</span> <span class='ocrx_word' id='word_1_52' title='bbox 1416 1165 1590 1238; x_wconf 91' lang='lat' dir='ltr'>pacto</span> <span class='ocrx_word' id='word_1_53' title='bbox 1635 1152 1776 1215; x_wconf 85' lang='lat' dir='ltr'>hoc:</span> <span class='ocrx_word' id='word_1_54' title='bbox 1833 1167 1940 1230; x_wconf 82' lang='lat' dir='ltr'>„ut</span> <span class='ocrx_word' id='word_1_55' title='bbox 1980 1155 2034 1216; x_wconf 89' lang='lat' dir='ltr'>si</span> 
     </span>
     <span class='ocr_line' id='line_1_11' title="bbox 103 1237 2033 1324; baseline 0 -24"><span class='ocrx_word' id='word_1_56' title='bbox 103 1240 236 1324; x_wconf 90' lang='lat' dir='ltr'>quis</span> <span class='ocrx_word' id='word_1_57' title='bbox 265 1239 337 1302; x_wconf 91' lang='lat' dir='ltr'>de</span> <span class='ocrx_word' id='word_1_58' title='bbox 358 1237 621 1324; x_wconf 86' lang='lat' dir='ltr'>posteris</span> <span class='ocrx_word' id='word_1_59' title='bbox 651 1261 854 1301; x_wconf 90' lang='lat' dir='ltr'>eorum</span> <span class='ocrx_word' id='word_1_60' title='bbox 882 1237 1138 1300; x_wconf 88' lang='lat' dir='ltr'>infidelis</span> <span class='ocrx_word' id='word_1_61' title='bbox 1166 1237 1337 1300; x_wconf 88' lang='lat' dir='ltr'>fieret</span> <span class='ocrx_word' id='word_1_62' title='bbox 1358 1249 1566 1299; x_wconf 90' lang='lat' dir='ltr'>contra</span> <span class='ocrx_word' id='word_1_63' title='bbox 1585 1259 1906 1322; x_wconf 89' lang='lat' dir='ltr'>personam</span> <span class='ocrx_word' id='word_1_64' title='bbox 1930 1237 2033 1301; x_wconf 85' lang='lat' dir='ltr'>du-</span> 
     </span>
     <span class='ocr_line' id='line_1_12' title="bbox 103 1322 2032 1407; baseline 0.001 -22"><span class='ocrx_word' id='word_1_65' title='bbox 103 1324 316 1400; x_wconf 87' lang='lat' dir='ltr'>calem,</span> <span class='ocrx_word' id='word_1_66' title='bbox 377 1335 437 1386; x_wconf 88' lang='lat' dir='ltr'>et</span> <span class='ocrx_word' id='word_1_67' title='bbox 484 1323 838 1386; x_wconf 87' lang='lat' dir='ltr'>discordiam</span> <span class='ocrx_word' id='word_1_68' title='bbox 878 1323 1105 1384; x_wconf 86' lang='lat' dir='ltr'>faceret</span> <span class='ocrx_word' id='word_1_69' title='bbox 1159 1322 1317 1383; x_wconf 89' lang='lat' dir='ltr'>inter</span> <span class='ocrx_word' id='word_1_70' title='bbox 1365 1325 1598 1383; x_wconf 87' lang='lat' dir='ltr'>Ducem</span> <span class='ocrx_word' id='word_1_71' title='bbox 1642 1334 1703 1384; x_wconf 90' lang='lat' dir='ltr'>et</span> <span class='ocrx_word' id='word_1_72' title='bbox 1738 1336 2032 1407; x_wconf 80' lang='lat' dir='ltr'>cognatos</span> 
     </span>
     <span class='ocr_line' id='line_1_13' title="bbox 100 1406 2032 1493; baseline -0.001 -23"><span class='ocrx_word' id='word_1_73' title='bbox 100 1431 277 1480; x_wconf 82' lang='lat' dir='ltr'>suos3</span> <span class='ocrx_word' id='word_1_74' title='bbox 341 1406 594 1493; x_wconf 82' lang='lat' dir='ltr'>sanguis</span> <span class='ocrx_word' id='word_1_75' title='bbox 636 1406 909 1470; x_wconf 90' lang='lat' dir='ltr'>nocentis</span> <span class='ocrx_word' id='word_1_76' title='bbox 947 1406 1314 1469; x_wconf 84' lang='lat' dir='ltr'>funderetur.</span> <span class='ocrx_word' id='word_1_77' title='bbox 1373 1410 1635 1468; x_wconf 88' lang='lat' dir='ltr'>Mortem</span> <span class='ocrx_word' id='word_1_78' title='bbox 1684 1407 1886 1468; x_wconf 86' lang='lat' dir='ltr'>verbis</span> <span class='ocrx_word' id='word_1_79' title='bbox 1935 1407 2032 1469; x_wconf 91' lang='lat' dir='ltr'>his</span> 
     </span>
     <span class='ocr_line' id='line_1_14' title="bbox 101 1489 2032 1577; baseline 0 -23"><span class='ocrx_word' id='word_1_80' title='bbox 101 1491 640 1577; x_wconf 84' lang='lat' dir='ltr'>significarinemo</span> <span class='ocrx_word' id='word_1_81' title='bbox 680 1516 800 1555; x_wconf 93' lang='lat' dir='ltr'>non</span> <span class='ocrx_word' id='word_1_82' title='bbox 843 1490 1157 1576; x_wconf 83' lang='lat' dir='ltr'>intelligit3</span> <span class='ocrx_word' id='word_1_83' title='bbox 1205 1489 1320 1552; x_wconf 92' lang='lat' dir='ltr'>hoc</span> <span class='ocrx_word' id='word_1_84' title='bbox 1359 1502 1557 1553; x_wconf 89' lang='lat' dir='ltr'>tamen</span> <span class='ocrx_word' id='word_1_85' title='bbox 1596 1491 1878 1575; x_wconf 83' lang='lat' dir='ltr'>Hungari</span> <span class='ocrx_word' id='word_1_86' title='bbox 1916 1491 2032 1577; x_wconf 93' lang='lat' dir='ltr'>ipsi</span> 
     </span>
    </p>
   </div>
   <div class='ocr_carea' id='block_1_9' title="bbox 45 1574 2036 1672">
    <p class='ocr_par' dir='ltr' id='par_1_9' title="bbox 45 1574 2036 1672">
     <span class='ocr_line' id='line_1_15' title="bbox 45 1574 2036 1672; baseline -0.001 -33"><span class='ocrx_word' id='word_1_87' title='bbox 45 1638 52 1644; x_wconf 88' lang='grc'><strong>,</strong></span> <span class='ocrx_word' id='word_1_88' title='bbox 98 1576 325 1661; x_wconf 89' lang='lat' dir='ltr'>pridem</span> <span class='ocrx_word' id='word_1_89' title='bbox 356 1576 522 1638; x_wconf 88' lang='lat' dir='ltr'>obliti</span> <span class='ocrx_word' id='word_1_90' title='bbox 555 1599 786 1638; x_wconf 92' lang='lat' dir='ltr'>sumus:</span> <span class='ocrx_word' id='word_1_91' title='bbox 813 1599 1064 1672; x_wconf 74' lang='lat' dir='ltr'>poenam</span> <span class='ocrx_word' id='word_1_92' title='bbox 1084 1574 1266 1651; x_wconf 90' lang='lat' dir='ltr'>hanc,</span> <span class='ocrx_word' id='word_1_93' title='bbox 1299 1574 1712 1660; x_wconf 90' lang='lat' dir='ltr'>antiquissimo</span> <span class='ocrx_word' id='word_1_94' title='bbox 1736 1577 2036 1660; x_wconf 88' lang='lat' dir='ltr'>Majorum</span> 
     </span>
    </p>
   </div>
   <div class='ocr_carea' id='block_1_10' title="bbox 98 1659 2132 3267">
    <p class='ocr_par' dir='ltr' id='par_1_10' title="bbox 98 1659 2132 3267">
     <span class='ocr_line' id='line_1_16' title="bbox 99 1659 2034 1737; baseline 0 -15"><span class='ocrx_word' id='word_1_95' title='bbox 99 1683 291 1737; x_wconf 91' lang='lat' dir='ltr'>more,</span> <span class='ocrx_word' id='word_1_96' title='bbox 347 1661 492 1723; x_wconf 90' lang='lat' dir='ltr'>solis</span> <span class='ocrx_word' id='word_1_97' title='bbox 538 1673 769 1723; x_wconf 87' lang='lat' dir='ltr'>tantum</span> <span class='ocrx_word' id='word_1_98' title='bbox 819 1660 1082 1722; x_wconf 86' lang='lat' dir='ltr'>crlminis</span> <span class='ocrx_word' id='word_1_99' title='bbox 1117 1659 1435 1722; x_wconf 84' lang='lat' dir='ltr'>adversum</span> <span class='ocrx_word' id='word_1_100' title='bbox 1466 1660 1721 1722; x_wconf 89' lang='lat' dir='ltr'>salutem</span> <span class='ocrx_word' id='word_1_101' title='bbox 1756 1661 2034 1723; x_wconf 83' lang='lat' dir='ltr'>Comuni-</span> 
     </span>
     <span class='ocr_line' id='line_1_17' title="bbox 99 1744 2132 1831; baseline -0.001 -23"><span class='ocrx_word' id='word_1_102' title='bbox 99 1746 244 1808; x_wconf 86' lang='lat' dir='ltr'>tatis</span> <span class='ocrx_word' id='word_1_103' title='bbox 287 1745 582 1831; x_wconf 80' lang='lat' dir='ltr'>publicam</span> <span class='ocrx_word' id='word_1_104' title='bbox 624 1745 845 1830; x_wconf 91' lang='lat' dir='ltr'>patrati</span> <span class='ocrx_word' id='word_1_105' title='bbox 892 1744 1015 1807; x_wconf 91' lang='lat' dir='ltr'>reis</span> <span class='ocrx_word' id='word_1_106' title='bbox 1057 1744 1347 1806; x_wconf 84' lang='lat' dir='ltr'>convictis</span> <span class='ocrx_word' id='word_1_107' title='bbox 1390 1744 1580 1807; x_wconf 86' lang='lat' dir='ltr'>fuisse</span> <span class='ocrx_word' id='word_1_108' title='bbox 1627 1745 2032 1807; x_wconf 83' lang='lat' dir='ltr'>constitutam.</span> <span class='ocrx_word' id='word_1_109' title='bbox 2120 1779 2132 1789; x_wconf 52' lang='grc' dir='ltr'><em>ν</em></span> 
     </span>
     <span class='ocr_line' id='line_1_18' title="bbox 98 1827 2033 1915; baseline 0 -24"><span class='ocrx_word' id='word_1_110' title='bbox 98 1829 202 1892; x_wconf 91' lang='lat' dir='ltr'>Ad</span> <span class='ocrx_word' id='word_1_111' title='bbox 239 1829 673 1915; x_wconf 83' lang='lat' dir='ltr'>assequendam</span> <span class='ocrx_word' id='word_1_112' title='bbox 706 1828 898 1914; x_wconf 79' lang='lat' dir='ltr'>igitur</span> <span class='ocrx_word' id='word_1_113' title='bbox 937 1828 1293 1892; x_wconf 90' lang='lat' dir='ltr'>conditionis</span> <span class='ocrx_word' id='word_1_114' title='bbox 1340 1827 1516 1914; x_wconf 86' lang='lat' dir='ltr'>hujus</span> <span class='ocrx_word' id='word_1_115' title='bbox 1545 1828 1694 1906; x_wconf 89' lang='lat' dir='ltr'>vim,</span> <span class='ocrx_word' id='word_1_116' title='bbox 1736 1842 1796 1891; x_wconf 89' lang='lat' dir='ltr'>et</span> <span class='ocrx_word' id='word_1_117' title='bbox 1829 1828 1942 1892; x_wconf 90' lang='lat' dir='ltr'>hoc</span> <span class='ocrx_word' id='word_1_118' title='bbox 1971 1831 2033 1891; x_wconf 90' lang='lat' dir='ltr'>in</span> 
     </span>
     <span class='ocr_line' id='line_1_19' title="bbox 99 1913 2032 1997; baseline 0.001 -22"><span class='ocrx_word' id='word_1_119' title='bbox 99 1914 440 1977; x_wconf 89' lang='lat' dir='ltr'>memoriam</span> <span class='ocrx_word' id='word_1_120' title='bbox 473 1936 788 1990; x_wconf 86' lang='lat' dir='ltr'>revocare,</span> <span class='ocrx_word' id='word_1_121' title='bbox 845 1925 906 1976; x_wconf 87' lang='lat' dir='ltr'>et</span> <span class='ocrx_word' id='word_1_122' title='bbox 936 1914 1009 1976; x_wconf 92' lang='lat' dir='ltr'>ad</span> <span class='ocrx_word' id='word_1_123' title='bbox 1038 1913 1221 1976; x_wconf 85' lang='lat' dir='ltr'>verba</span> <span class='ocrx_word' id='word_1_124' title='bbox 1251 1916 1382 1997; x_wconf 84' lang='lat' dir='ltr'>ejus</span> <span class='ocrx_word' id='word_1_125' title='bbox 1419 1913 1791 1990; x_wconf 86' lang='lat' dir='ltr'>„infidelis</span> <span class='ocrx_word' id='word_1_126' title='bbox 1819 1913 2032 1977; x_wconf 86' lang='lat' dir='ltr'>fieret</span> 
     </span>
     <span class='ocr_line' id='line_1_20' title="bbox 101 1997 2033 2084; baseline 0 -24"><span class='ocrx_word' id='word_1_127' title='bbox 101 2011 355 2062; x_wconf 86' lang='lat' dir='ltr'>contra</span> <span class='ocrx_word' id='word_1_128' title='bbox 410 2021 788 2084; x_wconf 91' lang='lat' dir='ltr'>personam</span> <span class='ocrx_word' id='word_1_129' title='bbox 833 1998 1200 2061; x_wconf 87' lang='lat' dir='ltr'>ducalem“</span> <span class='ocrx_word' id='word_1_130' title='bbox 1247 1997 1397 2059; x_wconf 89' lang='lat' dir='ltr'>haec</span> <span class='ocrx_word' id='word_1_131' title='bbox 1432 1998 1610 2059; x_wconf 91' lang='lat' dir='ltr'>simul</span> <span class='ocrx_word' id='word_1_132' title='bbox 1644 1997 1918 2060; x_wconf 87' lang='lat' dir='ltr'>Hartvici</span> <span class='ocrx_word' id='word_1_133' title='bbox 1962 1998 2033 2061; x_wconf 92' lang='lat' dir='ltr'>de</span> 
     </span>
     <span class='ocr_line' id='line_1_21' title="bbox 101 2082 2032 2168; baseline -0.001 -21"><span class='ocrx_word' id='word_1_134' title='bbox 101 2085 315 2168; x_wconf 82' lang='lat' dir='ltr'>Geyza</span> <span class='ocrx_word' id='word_1_135' title='bbox 362 2086 533 2146; x_wconf 91' lang='lat' dir='ltr'>Duce</span> <span class='ocrx_word' id='word_1_136' title='bbox 595 2095 718 2160; x_wconf 86' lang='lat' dir='ltr'>„et</span> <span class='ocrx_word' id='word_1_137' title='bbox 774 2082 856 2145; x_wconf 89' lang='lat' dir='ltr'>ad</span> <span class='ocrx_word' id='word_1_138' title='bbox 907 2082 1038 2146; x_wconf 89' lang='lat' dir='ltr'>hoc</span> <span class='ocrx_word' id='word_1_139' title='bbox 1090 2082 1570 2146; x_wconf 89' lang='lat' dir='ltr'>roborandum</span> <span class='ocrx_word' id='word_1_140' title='bbox 1628 2105 1663 2144; x_wconf 95' lang='lat' dir='ltr'>a</span> <span class='ocrx_word' id='word_1_141' title='bbox 1717 2082 2032 2168; x_wconf 82' lang='lat' dir='ltr'>singulis</span> 
     </span>
     <span class='ocr_line' id='line_1_22' title="bbox 100 2167 2033 2253; baseline -0.001 -23"><span class='ocrx_word' id='word_1_142' title='bbox 100 2180 626 2231; x_wconf 86' lang='lat' dir='ltr'>sacramentum</span> <span class='ocrx_word' id='word_1_143' title='bbox 672 2167 1034 2248; x_wconf 84' lang='lat' dir='ltr'>(fidelitatis)</span> <span class='ocrx_word' id='word_1_144' title='bbox 1084 2167 1378 2253; x_wconf 79' lang='lat' dir='ltr'>exegit“</span> <span class='ocrx_word' id='word_1_145' title='bbox 1426 2167 1734 2230; x_wconf 88' lang='lat' dir='ltr'>recordari</span> <span class='ocrx_word' id='word_1_146' title='bbox 1781 2181 2033 2253; x_wconf 86' lang='lat' dir='ltr'>oportet.</span> 
     </span>
     <span class='ocr_line' id='line_1_23' title="bbox 99 2247 2037 2338; baseline 0 -24"><span class='ocrx_word' id='word_1_147' title='bbox 99 2255 194 2314; x_wconf 84' lang='lat' dir='ltr'>Ex</span> <span class='ocrx_word' id='word_1_148' title='bbox 230 2253 444 2338; x_wconf 88' lang='lat' dir='ltr'>quibus</span> <span class='ocrx_word' id='word_1_149' title='bbox 496 2253 669 2338; x_wconf 89' lang='lat' dir='ltr'>plura</span> <span class='ocrx_word' id='word_1_150' title='bbox 708 2275 819 2334; x_wconf 89' lang='lat' dir='ltr'>sua</span> <span class='ocrx_word' id='word_1_151' title='bbox 863 2265 1077 2338; x_wconf 85' lang='lat' dir='ltr'>sponte</span> <span class='ocrx_word' id='word_1_152' title='bbox 1113 2247 1578 2337; x_wconf 82' lang='lat' dir='ltr'>consequuntur.</span> <span class='ocrx_word' id='word_1_153' title='bbox 1647 2254 1745 2313; x_wconf 89' lang='lat' dir='ltr'>Ac</span> <span class='ocrx_word' id='word_1_154' title='bbox 1781 2253 2037 2338; x_wconf 90' lang='lat' dir='ltr'>primum</span> 
     </span>
     <span class='ocr_line' id='line_1_24' title="bbox 101 2336 2036 2432; baseline 0.001 -34"><span class='ocrx_word' id='word_1_155' title='bbox 101 2337 363 2422; x_wconf 89' lang='lat' dir='ltr'>quidem:</span> <span class='ocrx_word' id='word_1_156' title='bbox 426 2337 783 2400; x_wconf 86' lang='lat' dir='ltr'>Conditores</span> <span class='ocrx_word' id='word_1_157' title='bbox 838 2338 998 2422; x_wconf 89' lang='lat' dir='ltr'>pacti</span> <span class='ocrx_word' id='word_1_158' title='bbox 1052 2336 1266 2423; x_wconf 86' lang='lat' dir='ltr'>hujus,</span> <span class='ocrx_word' id='word_1_159' title='bbox 1322 2336 1702 2432; x_wconf 78' lang='lat' dir='ltr'>gravissimis</span> <span class='ocrx_word' id='word_1_160' title='bbox 1738 2336 2036 2400; x_wconf 83' lang='lat' dir='ltr'>exercitos</span> 
     </span>
     <span class='ocr_line' id='line_1_25' title="bbox 106 2421 2037 2508; baseline 0 -26"><span class='ocrx_word' id='word_1_161' title='bbox 106 2421 375 2498; x_wconf 82' lang='lat' dir='ltr'>casibuS,</span> <span class='ocrx_word' id='word_1_162' title='bbox 434 2421 506 2484; x_wconf 94' lang='lat' dir='ltr'>de</span> <span class='ocrx_word' id='word_1_163' title='bbox 558 2421 921 2484; x_wconf 90' lang='lat' dir='ltr'>necessitate</span> <span class='ocrx_word' id='word_1_164' title='bbox 969 2445 1283 2508; x_wconf 90' lang='lat' dir='ltr'>supremae</span> <span class='ocrx_word' id='word_1_165' title='bbox 1327 2444 1399 2482; x_wconf 84' lang='lat' dir='ltr'>ln</span> <span class='ocrx_word' id='word_1_166' title='bbox 1440 2443 1679 2483; x_wconf 90' lang='lat' dir='ltr'>omnes</span> <span class='ocrx_word' id='word_1_167' title='bbox 1715 2421 2037 2505; x_wconf 85' lang='lat' dir='ltr'>(publicam</span> 
     </span>
     <span class='ocr_line' id='line_1_26' title="bbox 102 2505 2035 2592; baseline 0 -24"><span class='ocrx_word' id='word_1_168' title='bbox 102 2505 396 2568; x_wconf 84' lang='lat' dir='ltr'>Gvizotus</span> <span class='ocrx_word' id='word_1_169' title='bbox 434 2507 718 2591; x_wconf 87' lang='lat' dir='ltr'>appellat)</span> <span class='ocrx_word' id='word_1_170' title='bbox 745 2506 1063 2591; x_wconf 88' lang='lat' dir='ltr'>potestatis</span> <span class='ocrx_word' id='word_1_171' title='bbox 1087 2506 1292 2569; x_wconf 90' lang='lat' dir='ltr'>intime</span> <span class='ocrx_word' id='word_1_172' title='bbox 1323 2529 1651 2592; x_wconf 88' lang='lat' dir='ltr'>persvasos</span> <span class='ocrx_word' id='word_1_173' title='bbox 1688 2506 1894 2568; x_wconf 85' lang='lat' dir='ltr'>fuisse.</span> <span class='ocrx_word' id='word_1_174' title='bbox 1927 2507 2035 2568; x_wconf 85' lang='lat' dir='ltr'>Al-</span> 
     </span>
     <span class='ocr_line' id='line_1_27' title="bbox 102 2589 2034 2676; baseline 0 -24"><span class='ocrx_word' id='word_1_175' title='bbox 102 2603 320 2652; x_wconf 90' lang='lat' dir='ltr'>terum:</span> <span class='ocrx_word' id='word_1_176' title='bbox 366 2589 651 2652; x_wconf 89' lang='lat' dir='ltr'>honorem</span> <span class='ocrx_word' id='word_1_177' title='bbox 689 2592 1220 2676; x_wconf 83' lang='lat' dir='ltr'>auctoritatemque</span> <span class='ocrx_word' id='word_1_178' title='bbox 1254 2593 1411 2674; x_wconf 63' lang='lat' dir='ltr'>ejrm,</span> <span class='ocrx_word' id='word_1_179' title='bbox 1460 2590 1559 2674; x_wconf 89' lang='lat' dir='ltr'>qui</span> <span class='ocrx_word' id='word_1_180' title='bbox 1590 2613 1907 2675; x_wconf 91' lang='lat' dir='ltr'>personam</span> <span class='ocrx_word' id='word_1_181' title='bbox 1933 2614 2034 2675; x_wconf 91' lang='lat' dir='ltr'>po-</span> 
     </span>
     <span class='ocr_line' id='line_1_28' title="bbox 101 2672 2034 2758; baseline 0.001 -23"><span class='ocrx_word' id='word_1_182' title='bbox 101 2674 342 2736; x_wconf 88' lang='lat' dir='ltr'>testatis</span> <span class='ocrx_word' id='word_1_183' title='bbox 380 2672 556 2758; x_wconf 84' lang='lat' dir='ltr'>hujus</span> <span class='ocrx_word' id='word_1_184' title='bbox 586 2688 863 2758; x_wconf 80' lang='lat' dir='ltr'>gereret,</span> <span class='ocrx_word' id='word_1_185' title='bbox 913 2686 1449 2737; x_wconf 86' lang='lat' dir='ltr'>sacrosanctam</span> <span class='ocrx_word' id='word_1_186' title='bbox 1486 2674 1726 2758; x_wconf 89' lang='lat' dir='ltr'>servari</span> <span class='ocrx_word' id='word_1_187' title='bbox 1750 2674 2034 2749; x_wconf 86' lang='lat' dir='ltr'>voluisse,</span> 
     </span>
     <span class='ocr_line' id='line_1_29' title="bbox 101 2757 2035 2844; baseline 0 -25"><span class='ocrx_word' id='word_1_188' title='bbox 101 2757 371 2843; x_wconf 90' lang='lat' dir='ltr'>hancque</span> <span class='ocrx_word' id='word_1_189' title='bbox 420 2759 786 2822; x_wconf 89' lang='lat' dir='ltr'>voluntatem</span> <span class='ocrx_word' id='word_1_190' title='bbox 837 2782 1007 2821; x_wconf 86' lang='lat' dir='ltr'>suam</span> <span class='ocrx_word' id='word_1_191' title='bbox 1057 2781 1127 2821; x_wconf 93' lang='lat' dir='ltr'>ea</span> <span class='ocrx_word' id='word_1_192' title='bbox 1178 2758 1457 2820; x_wconf 85' lang='lat' dir='ltr'>sanxisse</span> <span class='ocrx_word' id='word_1_193' title='bbox 1502 2782 1730 2844; x_wconf 89' lang='lat' dir='ltr'>poena,</span> <span class='ocrx_word' id='word_1_194' title='bbox 1795 2782 1869 2820; x_wconf 87' lang='lat' dir='ltr'>ex</span> <span class='ocrx_word' id='word_1_195' title='bbox 1919 2782 2035 2844; x_wconf 89' lang='lat' dir='ltr'>qua</span> 
     </span>
     <span class='ocr_line' id='line_1_30' title="bbox 101 2841 2037 2929; baseline 0.002 -27"><span class='ocrx_word' id='word_1_196' title='bbox 101 2841 235 2927; x_wconf 92' lang='lat' dir='ltr'>ipsa</span> <span class='ocrx_word' id='word_1_197' title='bbox 297 2855 607 2929; x_wconf 89' lang='lat' dir='ltr'>appareat:</span> <span class='ocrx_word' id='word_1_198' title='bbox 671 2842 963 2906; x_wconf 88' lang='lat' dir='ltr'>conditam</span> <span class='ocrx_word' id='word_1_199' title='bbox 1014 2866 1123 2928; x_wconf 93' lang='lat' dir='ltr'>per</span> <span class='ocrx_word' id='word_1_200' title='bbox 1178 2867 1247 2905; x_wconf 91' lang='lat' dir='ltr'>se</span> <span class='ocrx_word' id='word_1_201' title='bbox 1294 2843 1611 2905; x_wconf 85' lang='lat' dir='ltr'>Civitatem</span> <span class='ocrx_word' id='word_1_202' title='bbox 1661 2856 1827 2906; x_wconf 91' lang='lat' dir='ltr'>stare</span> <span class='ocrx_word' id='word_1_203' title='bbox 1877 2843 2037 2906; x_wconf 91' lang='lat' dir='ltr'>inco-</span> 
     </span>
     <span class='ocr_line' id='line_1_31' title="bbox 102 2925 2036 3014; baseline 0.001 -28"><span class='ocrx_word' id='word_1_204' title='bbox 102 2927 350 3002; x_wconf 81' lang='lat' dir='ltr'>lumem,</span> <span class='ocrx_word' id='word_1_205' title='bbox 423 2925 539 2988; x_wconf 89' lang='lat' dir='ltr'>nisi</span> <span class='ocrx_word' id='word_1_206' title='bbox 594 2951 855 3013; x_wconf 86' lang='lat' dir='ltr'>persona</span> <span class='ocrx_word' id='word_1_207' title='bbox 906 2925 1120 2990; x_wconf 87' lang='lat' dir='ltr'>summi</span> <span class='ocrx_word' id='word_1_208' title='bbox 1164 2927 1467 3014; x_wconf 90' lang='lat' dir='ltr'>Principis</span> <span class='ocrx_word' id='word_1_209' title='bbox 1526 2926 1842 3004; x_wconf 89' lang='lat' dir='ltr'>incolumi,</span> <span class='ocrx_word' id='word_1_210' title='bbox 1919 2952 2036 2990; x_wconf 88' lang='lat' dir='ltr'>non</span> 
     </span>
     <span class='ocr_line' id='line_1_32' title="bbox 101 3011 2035 3099; baseline 0.001 -27"><span class='ocrx_word' id='word_1_211' title='bbox 101 3033 300 3095; x_wconf 88' lang='lat' dir='ltr'>posse.</span> <span class='ocrx_word' id='word_1_212' title='bbox 368 3011 670 3074; x_wconf 88' lang='lat' dir='ltr'>Tertium:</span> <span class='ocrx_word' id='word_1_213' title='bbox 726 3035 773 3073; x_wconf 81' lang='lat' dir='ltr'>S.</span> <span class='ocrx_word' id='word_1_214' title='bbox 825 3011 1227 3099; x_wconf 86' lang='lat' dir='ltr'>Stephanum,</span> <span class='ocrx_word' id='word_1_215' title='bbox 1282 3015 1464 3075; x_wconf 89' lang='lat' dir='ltr'>Decr.</span> <span class='ocrx_word' id='word_1_216' title='bbox 1507 3013 1542 3073; x_wconf 91' lang='lat' dir='ltr'>l.</span> <span class='ocrx_word' id='word_1_217' title='bbox 1571 3016 1649 3074; x_wconf 88' lang='lat'>11.</span> <span class='ocrx_word' id='word_1_218' title='bbox 1697 3036 1746 3074; x_wconf 88' lang='lat' dir='ltr'>c.</span> <span class='ocrx_word' id='word_1_219' title='bbox 1783 3018 1881 3074; x_wconf 84' lang='lat'>35.</span> <span class='ocrx_word' id='word_1_220' title='bbox 1917 3035 2035 3073; x_wconf 92' lang='lat' dir='ltr'>non</span> 
     </span>
     <span class='ocr_line' id='line_1_33' title="bbox 103 3092 2032 3183; baseline 0.001 -29"><span class='ocrx_word' id='word_1_221' title='bbox 103 3116 317 3156; x_wconf 87' lang='lat' dir='ltr'>novam</span> <span class='ocrx_word' id='word_1_222' title='bbox 369 3092 441 3156; x_wconf 95' lang='lat' dir='ltr'>de</span> <span class='ocrx_word' id='word_1_223' title='bbox 493 3094 735 3158; x_wconf 90' lang='lat' dir='ltr'>crimine</span> <span class='ocrx_word' id='word_1_224' title='bbox 786 3095 1206 3183; x_wconf 88' lang='lat' dir='ltr'>perduellionis</span> <span class='ocrx_word' id='word_1_225' title='bbox 1257 3098 1454 3182; x_wconf 82' lang='lat' dir='ltr'>legem</span> <span class='ocrx_word' id='word_1_226' title='bbox 1495 3096 1747 3172; x_wconf 86' lang='lat' dir='ltr'>tulisse,</span> <span class='ocrx_word' id='word_1_227' title='bbox 1832 3118 2032 3156; x_wconf 86' lang='lat' dir='ltr'>verum</span> 
     </span>
     <span class='ocr_line' id='line_1_34' title="bbox 104 3179 2034 3267; baseline 0.002 -28"><span class='ocrx_word' id='word_1_228' title='bbox 104 3201 314 3253; x_wconf 77' lang='lat' dir='ltr'>caSUS,</span> <span class='ocrx_word' id='word_1_229' title='bbox 349 3198 464 3263; x_wconf 92' lang='lat' dir='ltr'>per</span> <span class='ocrx_word' id='word_1_230' title='bbox 487 3200 636 3262; x_wconf 91' lang='lat' dir='ltr'>quos</span> <span class='ocrx_word' id='word_1_231' title='bbox 660 3180 723 3240; x_wconf 92' lang='lat' dir='ltr'>in</span> <span class='ocrx_word' id='word_1_232' title='bbox 757 3180 910 3243; x_wconf 88' lang='lat' dir='ltr'>hanc</span> <span class='ocrx_word' id='word_1_233' title='bbox 947 3204 981 3243; x_wconf 89' lang='lat' dir='ltr'>a</span> <span class='ocrx_word' id='word_1_234' title='bbox 1004 3181 1353 3267; x_wconf 7' lang='lat' dir='ltr'>*Majoribus</span> <span class='ocrx_word' id='word_1_235' title='bbox 1390 3193 1695 3265; x_wconf 87' lang='lat' dir='ltr'>acceptam</span> <span class='ocrx_word' id='word_1_236' title='bbox 1727 3180 1798 3241; x_wconf 92' lang='lat' dir='ltr'>de</span> <span class='ocrx_word' id='word_1_237' title='bbox 1827 3179 1943 3241; x_wconf 92' lang='lat' dir='ltr'>fide</span> <span class='ocrx_word' id='word_1_238' title='bbox 1974 3192 2034 3242; x_wconf 89' lang='lat' dir='ltr'>et</span> 
     </span>
    </p>
   </div>
   <div class='ocr_carea' id='block_1_11' title="bbox 99 3261 2031 3351">
    <p class='ocr_par' dir='ltr' id='par_1_11' title="bbox 99 3261 2031 3351">
     <span class='ocr_line' id='line_1_35' title="bbox 99 3261 2031 3351; baseline 0.001 -27"><span class='ocrx_word' id='word_1_239' title='bbox 99 3261 388 3324; x_wconf 85' lang='lat' dir='ltr'>fidelitate</span> <span class='ocrx_word' id='word_1_240' title='bbox 417 3261 615 3345; x_wconf 81' lang='lat' dir='ltr'>legem</span> <span class='ocrx_word' id='word_1_241' title='bbox 642 3263 1077 3343; x_wconf 85' lang='lat' dir='ltr'>incurreretur,</span> <span class='ocrx_word' id='word_1_242' title='bbox 1126 3266 1393 3351; x_wconf 85' lang='lat' dir='ltr'>exemplo</span> <span class='ocrx_word' id='word_1_243' title='bbox 1434 3265 1683 3328; x_wconf 88' lang='lat' dir='ltr'>aliorum</span> <span class='ocrx_word' id='word_1_244' title='bbox 1714 3269 2031 3348; x_wconf 79' lang='lat' dir='ltr'>Augusto-</span> 
     </span>
    </p>
   </div>
   <div class='ocr_carea' id='block_1_12' title="bbox 106 3345 641 3431">
    <p class='ocr_par' dir='ltr' id='par_1_12' title="bbox 106 3345 641 3431">
     <span class='ocr_line' id='line_1_36' title="bbox 106 3345 641 3431; baseline 0 -25"><span class='ocrx_word' id='word_1_245' title='bbox 106 3369 233 3407; x_wconf 86' lang='lat' dir='ltr'>rum</span> <span class='ocrx_word' id='word_1_246' title='bbox 266 3345 641 3431; x_wconf 77' lang='lat' dir='ltr'>explicuisse.</span> 
     </span>
    </p>
   </div>
  </div>
 </body>
</html>
