2384 3886
1907 236 2031 293 115

103 377 197 439 vel
241 375 351 437 hac
399 398 582 438 causa
624 372 993 437 incommoda
1042 376 1375 448 evenerint3
1422 388 1622 438 tamen
1652 397 1762 438 nec
1797 373 2031 437 consil-ii

0 482 6 494 ³
103 461 307 546 hujus,
355 483 464 522 nec
497 459 712 545 privati
751 479 901 541 erga
938 459 1142 552 Reges
1187 458 1322 519 illos
1369 460 1544 521 officii
1580 458 1912 522 rationibus
1947 458 2030 520 di·-

103 544 328 608 moveri
363 567 430 606 se
459 565 677 629 passus
703 552 824 616 est,
856 540 995 624 quin
1028 541 1410 623 prlncipalem
1438 544 1595 626 pacti
1635 543 2032 605 conditionem

103 629 274 704 hanc,
310 627 538 702 iisdem,
577 624 791 710 quibus
824 635 1115 709 concepta
1134 623 1302 685 initio
1334 624 1464 701 fuit,
1502 627 1703 688 verbis
1732 640 2029 689 transum-

30 742 34 745 ·
103 725 309 775 meret.
364 714 451 773 At
499 722 560 771 at
598 706 970 771 anathema
1011 707 1424 794 peregrinum,
1470 707 2047 797 paciscentibusque‘

16 833 53 875 *—
106 798 380 882 ignotum
417 794 542 856 suit.
588 796 684 854 De
714 815 859 855 voce
896 792 1182 856 concedo:
1230 792 1301 855 de
1341 795 1640 855 sententia
1681 796 1876 872 vocis,
1922 818 2032 881 pro

106 881 445 944 exclusione
471 901 506 940 a
531 877 969 941 Communitate
988 890 1047 940 et
1063 875 1498 963 proscriptione
1537 891 1841 963 acceptae,
1903 892 2033 941 tan,-

103 978 230 1028 tum
258 964 331 1026 ab
359 975 453 1026 est
479 974 545 1025 ut
568 961 871 1024 admittam
889 1011 904 1039 ,
939 975 1006 1025 ut
1033 984 1284 1048 poenam
1327 960 1481 1023 hanc
1508 963 1842 1048 Majoribus
1866 967 2035 1025 Hun-

104 1071 388 1135 garorum
424 1050 554 1132 jam
591 1047 651 1107 in
701 1046 1132 1132 antiquissimis
1194 1070 1303 1132 per
1361 1046 1578 1109 Asiam
1634 1047 1879 1110 sedibus
1926 1070 2035 1132 pro

106 1156 386 1219 suprema
399 1131 681 1208 habitam,
709 1154 846 1194 mox
871 1131 1417 1195 demonstraturam
1438 1155 1532 1194 me
1558 1131 1860 1219 recipiam.
1906 1135 2037 1208 Quo

16 1264 19 1267 «
105 1218 263 1280 facto
313 1216 532 1278 clarius
585 1216 921 1302 apparebit:
982 1240 1100 1279 non
1143 1216 1467 1278 Notarium
1513 1218 1698 1279 Belae
1743 1215 2038 1291 callidum,

107 1301 215 1364 sed
244 1301 680 1364 obtrectatores
713 1303 842 1385 ejus
883 1324 1084 1365 rerum
1126 1299 1590 1386 hungaricarum
1627 1313 1897 1364 veterum
1940 1325 2039 1364 ex-

18 1429 22 1431 -
106 1399 308 1472 pertes
338 1409 476 1449 esse
505 1385 789 1448 funditus,

1002 1574 1144 1649 §e

581 1746 658 1795 De
696 1746 891 1811 primo
931 1745 1089 1810 pacti
1128 1744 1306 1810 hujus
1349 1746 1568 1810 capite.

280 1907 420 1971 Fuit
469 1930 610 1970 vero
650 1907 828 1992 hujus
873 1918 1052 1992 caput
1077 1911 1124 1968 Ι.
1165 1919 1273 1984 „ut
1309 1906 1583 1992 quamdiu
1625 1907 1746 1968 vita
1782 1906 2045 1984 duraret,

112 2005 231 2055 tam
266 1992 451 2078 ipsis,
499 2014 674 2077 quam
704 1991 882 2054 etiam
915 1991 1178 2077 posteris
1215 1991 1373 2068 suis,
1410 2013 1647 2077 semper
1677 1994 1906 2053 Ducem
1941 1991 2044 2053 ha-

112 2076 324 2139 herent
347 2077 419 2139 de
441 2076 730 2162 progenie
750 2076 916 2138 Almi
946 2076 1234 2162 (Arpadi)
1267 2077 1518 2137 DuciS.“
1563 2080 1636 2137 In
1667 2074 1825 2137 hunc
1852 2076 2046 2161 ipsum

115 2184 358 2223 sensum
380 2161 678 2224 Notarius
708 2161 811 2223 ille
846 2162 1037 2246 capite
1071 2158 1179 2223 Vl.
1222 2159 1292 2221 de
1322 2160 1604 2223 universa
1637 2173 1820 2244 gente
1855 2183 2046 2245 „ergo

111 2244 320 2323 libera,
345 2245 445 2322 ait,
473 2246 778 2308 voluntate
803 2258 863 2308 et
884 2245 1176 2307 communi
1199 2247 1500 2308 consensu
1517 2258 1746 2330 septem
1764 2245 2046 2320 virorum,

115 2330 429 2415 elegerunt
460 2330 575 2392 sibi
599 2330 935 2414 (Hungari)
968 2333 1202 2392 Ducem
1230 2353 1300 2391 ac
1322 2333 1785 2415 Praeceptorem
1807 2329 1866 2390 in
1890 2330 2047 2391 filios

114 2414 368 2477 filiorum
396 2438 638 2476 suorum
657 2438 848 2500 usque
877 2415 951 2478 ad
982 2414 1246 2477 ultimam
1269 2416 1723 2499 generationem
1742 2462 1756 2490 ,
1802 2415 2046 2476 Almum

116 2511 176 2561 et
213 2499 311 2584 qui
351 2499 422 2562 de
459 2499 850 2584 generatione
897 2503 1027 2585 ejus
1078 2498 1569 2562 descenderent.“
1623 2503 1799 2582 Lege
1846 2499 2047 2583 itaque

114 2582 226 2644 hac
261 2583 641 2669 Principatus
668 2584 948 2670 Arpado,
995 2587 1241 2669 ejusque
1273 2584 1537 2669 posteris
1551 2587 1690 2669 jure
1715 2583 2046 2646 haeredita—

114 2667 205 2730 rio
245 2667 307 2728 in
347 2680 636 2754 perpetua
665 2681 938 2731 assertus
960 2681 1257 2753 tempora3
1307 2669 1559 2730 facultas
1597 2669 1938 2754 Principem
1976 2691 2050 2729 ex

115 2751 377 2838 posteris
424 2751 660 2838 Arpadi
714 2776 847 2815 eum
897 2752 1224 2837 deligendi,
1261 2759 1308 2831 1)
1364 2752 1464 2836 qui
1498 2755 1729 2815 muneri
1767 2753 1903 2815 huic
1940 2775 2050 2838 par

117 2836 445 2915 videretur,
478 2836 565 2899 uti
590 2836 746 2923 apud
771 2835 1243 2922 Longobardos‚
1279 2836 1672 2921 visigothos,
1696 2842 1966 2900 Francos
1997 2843 2049 2915 2)

258 3079 302 3138 1)
349 3077 520 3129 Const.
566 3080 812 3146 Porphyr:
863 3082 987 3131 Ante
1027 3082 1161 3131 hunc
1210 3081 1459 3146 Arpadum
1509 3081 1657 3131 Turci
1704 3079 2047 3142 Principem

122 3162 286 3212 alium*
307 3162 498 3212 nullum
536 3179 754 3229 unquam
792 3166 1096 3228 habuerunt,
1139 3182 1198 3215 ex
1228 3166 1368 3230 cujus
1405 3165 1549 3215 etiam
1581 3165 1795 3230 posteris
1826 3164 1886 3212 ad
1917 3163 2049 3212 hunc

122 3262 279 3311 usque
312 3247 441 3296 diem
470 3246 768 3314 Princeps
800 3251 1006 3311 Turciae
1037 3251 1455 3300 constituitur.

255 3348 303 3407 2)
347 3345 464 3395 Vide
495 3346 659 3396 Baluz.
701 3347 758 3397 T.
784 3348 823 3397 Ι.
866 3365 916 3413 p.
948 3345 1086 3399 573.
1121 3350 1181 3398 de
1215 3349 1455 3398 electione
1487 3347 1706 3396 Lotharii
1737 3360 1866 3394 anno
1897 3341 2007 3394 811
2033 3361 2046 3406 ;

124 3429 284 3480 T.11.
340 3445 451 3496 pag.
496 3428 636 3481 216.
689 3432 748 3482 (16
787 3432 1026 3483 electione
1074 3433 1235 3484 Caroli
1273 3449 1402 3483 anno
1455 3429 1594 3481 869.
1658 3430 1845 3480 Hallam
1902 3446 1948 3478 0.
2002 3445 2046 3478 c,

22 3548 26 3559 .
123 3513 226 3564 Vol.
265 3512 318 3564 1.
359 3531 472 3579 pag.
513 3513 649 3564 125.

1637 3594 1715 3648 822
