2384 3886
1874 227 1990 283 141

47 439 51 444 Κ
91 366 313 432 tionis
370 372 422 447 ²)
497 365 888 452 significatur.
974 367 1192 452 Neque
1242 377 1438 428 tamen
1484 365 1705 428 nullum
1751 366 1998 429 extremi

91 475 321 539 quoque
355 451 509 539 apud
538 456 814 538 posteros
850 450 1081 536 suplicii
1118 450 1471 536 vestigium3
1517 449 1623 514 sed
1663 450 1998 538 perduelles

89 537 203 602 hoc
262 537 653 614 feriebantur,
715 547 774 598 et
813 534 911 620 qui
946 534 1021 597 ad
1056 535 1379 598 exercitum
1420 536 1614 600 vocati
1656 536 1858 600 venire
1898 549 2000 600 aut

88 623 328 711 profugi
364 634 634 709 repetere
681 631 881 683 castra
925 619 1387 694 detrectassent3
1438 644 1572 683 nam
1612 635 1845 686 ceteros
1880 623 2000 711 ple-

90 732 310 794 rosque
345 707 521 770 etiam
557 705 609 767 si
650 705 962 768 adversum
991 727 1172 791 remp.
1216 704 1530 783 fecissent,
1593 731 1703 771 suo
1740 708 1840 771 illo
1869 731 2001 795 per-

91 804 410 856 cusserunt
463 790 851 854 anathemate.
917 789 1157 854 Gradus
1203 788 1383 875 hujus
1432 791 1621 869 varii,
1689 792 1844 879 quod
1903 793 2002 856 alii

94 877 363 943 omnibus
386 876 588 939 nudati
609 875 804 952 bonis,
839 875 1221 962 equestrique
1247 875 1390 938 moti
1419 875 1622 940 ordine
1646 894 1714 939 ac
1731 901 2001 957 uxorum,

91 964 524 1048 liberorumque
546 960 826 1049 prohibiti
849 961 1149 1025 consortio
1186 960 1414 1048 pedites
1454 961 1735 1026 oberrare
1763 963 2003 1050 permit-

90 1050 394 1122 tebantur3
430 1047 957 1135 proscribebantur
987 1046 1084 1109 alii
1111 1070 1228 1109 una
1258 1070 1388 1109 cum
1410 1046 1640 1122 liberis;
1672 1047 1730 1110 in
1751 1072 2004 1111 commu-

93 1157 227 1199 nem
259 1133 506 1219 denique
543 1132 640 1195 alii
674 1132 1101 1230 redigebantur
1140 1131 1505 1196 servitutem.
1564 1136 1734 1196 Haec
1769 1133 1840 1196 ad
1879 1134 2003 1196 vin-

94 1218 336 1284 dicanda
368 1219 619 1294 scelera,
658 1231 717 1281 et
750 1218 992 1281 crimina
1010 1217 1263 1280 maxima
1288 1217 1350 1279 in
1369 1217 1554 1281 totius
1576 1232 1811 1307 patrata
1833 1222 2004 1283 Com—

94 1304 399 1368 munitatis
442 1303 778 1391 perniciem.
836 1303 1227 1367 Homicidium
1271 1303 1424 1390 apud
1454 1307 1786 1390 Hungaros
1820 1329 2005 1392 aeque

94 1415 164 1454 ac
206 1390 353 1454 alios
391 1400 498 1477 per
535 1388 750 1469 Asiam
791 1389 1040 1476 populos
1073 1400 1237 1452 certo
1278 1388 1555 1452 luebatur
1606 1403 2006 1454 armentorum

92 1499 362 1553 numero,
400 1482 450 1556 3)
513 1474 611 1562 qui
643 1485 885 1538 auctore
906 1473 1109 1561 judice
1145 1476 1320 1555 (Biro
1360 1473 1531 1537 nobis
1566 1476 1626 1536 in
1659 1477 2005 1557 vernaculo)

17 1562 19 1566 ⁴
94 1563 399 1648 irrogatus
416 1611 430 1639 ,
486 1561 777 1646 originem
802 1560 1039 1648 proprio
1065 1559 1353 1623 vocabulo
1379 1572 1586 1623 nostro
1613 1560 1879 1648 Birsag
1908 1561 2006 1626 de-

96 1646 195 1711 dit.
223 1655 275 1728 4)
321 1648 606 1710 Mulctam
627 1645 761 1725 hoc,
805 1658 866 1710 et
896 1645 1374 1733 redemptionem,
1410 1646 2007 1734 compositionemque

231 1835 278 1894 2)
324 1831 572 1896 Chronog.
613 1830 766 1880 Thur.
807 1830 845 1879 1.
891 1846 934 1880 c.
981 1827 1075 1880 10.
1117 1830 1178 1880 ΙΙ.
1219 1846 1263 1881 c.
1303 1828 1397 1882 19.
1434 1827 1530 1883 63.
1567 1826 1663 1882 64.
1700 1832 1756 1882 C.
1789 1833 1847 1884 D.
1884 1834 2003 1884 Vlll.

97 1936 140 1970 ν.
182 1917 233 1969 1.
266 1934 316 1983 p.
353 1913 428 1968 83
464 1924 558 1967 cet.
1512 1966 1514 1969 ,

230 2005 278 2065 3)
324 2002 562 2052 Humeius
593 2001 750 2052 citatis
781 2001 1016 2063 Homeri3·
1051 2016 1076 2050 c
1109 2002 1259 2052 sacris
1298 2018 1410 2052 vero
1444 2002 1706 2052 Codicibus
1736 2002 1890 2054 Exodi
1923 2020 2032 2060 ca·-

98 2090 197 2156 pite
229 2086 326 2139 21.
362 2085 460 2138 29.
489 2084 586 2139 30.
619 2088 745 2137 hanc
775 2086 1045 2136 redimendi
1075 2086 1324 2137 homicidii
1355 2089 1754 2139 consvetudinem
1785 2090 2009 2155 pluribus

97 2174 299 2226 vetustis
349 2173 578 2239 gentihus
624 2187 939 2223 communem
975 2171 1125 2222 fuisse
1174 2172 1366 2238 probat.
1430 2174 1500 2224 De
1538 2174 1771 2225 Romanis
1812 2175 1914 2225 Cic.
1950 2177 2009 2225 de

29 2306 34 2310 .
100 2277 204 2327 rep.
237 2260 298 2311 ΙΙ.
335 2257 390 2310 9.
437 2258 753 2324 „multaeque
793 2257 1005 2308 dictione
1046 2257 1206 2307 ovium
1238 2265 1287 2308 et
1315 2258 1465 2309 boum
1509 2260 1795 2322 (Romulus)
1836 2276 1936 2310 non
1967 2261 2010 2311 vi

101 2353 150 2396 et
179 2344 396 2412 supliciis
426 2344 743 2394 coercebat.“

232 2433 281 2493 4)
326 2430 517 2480 Bonum
542 2430 695 2479 virum
715 2428 1048 2479 Kelemenium
1067 2445 1250 2491 meum,
1283 2430 1365 2495 qui
1394 2429 1516 2479 Inst.
1545 2428 1670 2494 juris
1700 2431 1823 2496 priv.
1855 2431 2008 2497 hung.

103 2516 138 2567 l.
170 2516 255 2566 111.
287 2532 338 2581 p.
373 2512 513 2565 292.
556 2515 614 2565 de
646 2522 805 2580 etymo
843 2514 977 2564 vocis
1015 2514 1338 2580 birsagium
1381 2514 1714 2581 conjecturam
1753 2516 1932 2566 Kollari
1961 2519 2010 2566 in

103 2601 264 2651 libello
306 2601 406 2662 „de
443 2615 538 2650 usu
564 2615 709 2667 perp.
745 2606 852 2665 pot.
885 2599 1041 2663 legisl.
1076 2606 1170 2649 cet.
1204 2616 1255 2665 p.
1292 2598 1396 2662 66,
1444 2601 1574 2665 quod
1606 2602 1864 2666 quamdam
1896 2618 2014 2652 eru—

106 2687 301 2737 ditionis
332 2686 615 2751 adspersam
645 2685 821 2735 habeat
851 2684 1083 2749 speciem,
1118 2685 1386 2735 sententiae
1406 2685 1641 2751 Szegedii‚
1674 2702 1780 2736 eam
1805 2703 1863 2736 ex
1880 2688 2014 2737 hun-

106 2772 267 2838 garico
307 2771 511 2835 birsag
549 2771 724 2836 Tyroc.
759 2770 832 2820 sui
863 2769 917 2819 P.
949 2769 1010 2819 Il.
1043 2786 1094 2835 p.
1132 2767 1268 2820 517.
1302 2778 1464 2833 recte,
1511 2787 1719 2836 vereque
1752 2773 2010 2823 derivantis

107 2863 218 2907 ante
246 2856 487 2907 habuerit.
536 2857 795 2921 Hungarus
824 2855 948 2920 ipse,
997 2855 1078 2920 qui
1107 2855 1282 2921 potuit,
1323 2856 1584 2921 peregrino
1615 2857 1810 2922 adagio:
1857 2858 2013 2908 Bursa

109 2942 279 2992 oculos
327 2941 538 3003 claudit,
598 2941 741 2992 dicite
778 2940 1130 3006 hirsagium‚
1179 2941 1291 3007 plus
1322 2941 1570 3004 tribuere,
1629 2959 1773 3008 quam
1816 2943 2010 3008 Sigism.

0 3005 4 3088 Ξ
55 3027 60 3030 ’
109 3028 253 3077 Decr.
284 3027 361 3076 vl.
402 3033 492 3077 art.
529 3026 583 3078 7.
617 3032 646 3087 ς
685 3024 737 3076 1.
771 3033 819 3076 et
849 3041 1069 3076 consono
1108 3042 1196 3092 per
1231 3027 1468 3092 reliquam
1505 3026 1756 3093 Europam
1793 3028 2012 3078 vocabuli

0 3089 4 3121 ⁹
111 3111 463 3176 birsagium‚
496 3112 640 3176 plane
660 3128 717 3161 ex
736 3118 895 3178 etymo
928 3110 1033 3177 ejus
1051 3107 1339 3178 hungarico,
1372 3129 1480 3178 pro
1506 3108 1783 3184 judiciiS‚
1816 3113 2014 3162 adhibiti

111 3195 255 3248 usui?
302 3196 427 3255 Quid
457 3195 631 3247 Kollari
662 3196 813 3247 bursa
850 3213 1111 3247 commune
1150 3214 1262 3248 cum
1300 3198 1604 3248 Birschaft
1640 3199 1699 3247 ad
1739 3198 2016 3247 similitudi-

111 3299 226 3333 nem
255 3281 388 3332 vocis
420 3281 722 3345 germanicae
754 3282 943 3331 detorto
975 3281 1152 3332 habet?
1181 3283 1324 3348 Atqui
1344 3284 1417 3334 ita.
1431 3283 1642 3332 Barbara
1672 3283 1855 3346 regina,
1891 3298 2016 3332 con-

115 3384 224 3418 sors
262 3367 404 3432 Sigis.
446 3366 570 3430 Imp.
612 3373 661 3415 et
696 3366 839 3431 Regis
877 3366 927 3415 in
968 3366 1121 3417 literis
1160 3368 1261 3418 suis
1300 3368 1429 3431 (vide
1467 3368 1555 3417 has
1595 3367 1723 3431 apud
1753 3367 1932 3418 Podhr.
1965 3368 2015 3417 in

115 3453 262 3518 hujus
291 3452 428 3502 Buda
456 3451 571 3501 Pest
598 3467 649 3516 p.
686 3447 788 3512 90)
821 3451 1078 3516 compellat
1113 3452 1319 3518 birsag
1355 3452 1715 3517 hungaricum-
1751 3453 2018 3503 Techni-

119 3554 246 3589 cum
285 3539 380 3588 hoc
420 3537 550 3603 apud
581 3536 697 3587 alias
738 3542 908 3602 gentes
937 3535 1224 3588 vocabulum
1255 3537 1410 3603 (quod
1441 3537 1570 3605 apud
1599 3537 1846 3589 Baluzium
1876 3539 2019 3605 plane
