2384 3886
407 236 532 291 328

408 372 660 433 maxime
718 371 1087 456 popularem,
1120 374 1163 448 ι)
1230 380 1702 454 potestatemque
1769 372 1934 454 ejuS,
2005 392 2119 454 qua
2169 384 2338 457 parte

408 455 604 519 accisa
651 467 772 531 est,
831 477 938 540 per
980 453 1225 530 Bullam
1265 476 1501 516 auream
1539 452 1824 515 Andreae
1860 455 1939 536 11.
1980 455 2338 540 postliminio

406 541 464 603 in
491 540 794 626 integrum
817 538 1159 602 restitutam
1183 538 1451 602 scribere
1475 538 1777 602 debuerat.
1814 543 1904 600 At
1930 537 2002 601 de
2037 538 2130 600 his
2171 539 2334 614 olim3

407 650 564 688 nunc
595 625 749 689 enim
786 624 928 688 dare
956 628 1082 711 jam
1111 624 1413 711 generalis
1443 624 1650 710 judicii
1691 624 2101 687 Palatiuorum
2144 646 2338 688 exem-

405 712 525 774 lum
546 714 736 798 juvat.

542 900 585 959 ¹)
632 897 776 959 Quod
812 897 960 962 igitur
1003 897 1051 946 d.
1096 896 1377 959 Stephanus
1421 894 1649 955 cavebat,
1694 910 1756 943 ne
1788 910 1969 944 munus
2001 893 2107 959 ejus
2139 893 2337 944 diutur-

404 999 523 1033 num
565 983 655 1044 sit,
698 982 1008 1032 observatum
1048 996 1157 1031 esse
1197 995 1286 1045 per
1317 986 1582 1044 sequentes
1614 980 1759 1030 etiam
1792 979 1950 1044 Reges
1983 995 2038 1029 ex
2072 979 2208 1029 Serie
2238 979 2335 1030 Pa-

403 1069 666 1124 latinorum
697 1067 834 1132 Prayi
866 1082 1026 1131 nuper
1057 1066 1183 1115 edita
1215 1071 1363 1129 patet.

1248 1276 1290 1351 S
1341 1279 1478 1335 129.

678 1429 1034 1495 Exemplum
1074 1428 1302 1478 Judicii
1341 1427 1524 1493 hujus
1562 1406 2054 1491 antiquissimum
2092 1405 2096 1408 ⁵

570 1576 856 1655 Quidam,
911 1577 983 1640 de
1031 1576 1337 1664 provincia
1375 1579 1546 1640 Ves'z
1589 1573 1883 1651 rimiensi,
1939 1573 2324 1638 Udvarnikos

399 1662 591 1749 Regis
619 1662 970 1750 expilarunt.
1047 1662 1132 1726 lis
1164 1662 1353 1748 igitur
1406 1661 1480 1724 ad
1568 1659 1765 1724 o'mitis
1805 1659 2071 1722 Palatini
2104 1660 2329 1723 vocatis
2374 1678 2377 1682 ’

398 1749 689 1828 tribunal,
729 1748 826 1811 hic
851 1773 925 1813 ex
952 1747 1295 1814 testimonio
1323 1746 1710 1836 plurimorum
1740 1745 2085 1823 Nobilium,
2126 1758 2186 1809 et
2207 1769 2328 1808 ma-

396 1834 554 1899 xime
595 1834 836 1898 literis
876 1832 1172 1898 Renaldi
1212 1832 1513 1898 Comitis
1555 1831 2106 1919 Veszprimiensis,
2153 1836 2330 1917 atque

399 1922 630 1984 Comite
672 1920 832 1986 illius
866 1920 1091 1984 Curiali
1117 1919 1451 1984 intellecto:
1504 1925 1641 1982 reos
1671 1930 2042 1994 conventoe,
2094 1917 2164 1979 in
2204 1916 2326 1981 ho-

398 2006 1024 2091 rumpraesentia,
1070 2006 1336 2070 latrones
1381 2017 1442 2068 et
1473 2004 1638 2067 sures
1673 2003 2014 2090 probatos
2068 2009 2328 2083 esse31)

334 2135 336 2138 -
398 2115 474 2158 ex
538 2089 743 2154 ordine
778 2089 1122 2178 judiciario,
1170 2090 1363 2177 qualis
1395 2103 1520 2153 tum
1552 2087 1775 2175 viguit,
1823 2087 2115 2165 decrevit,
2162 2101 2228 2152 ut
2266 2087 2327 2153 hi

398 2199 473 2240 ex
509 2176 810 2240 universis
838 2177 1098 2241 testibus
1128 2177 1256 2240 suis
1284 2176 1578 2263 eligerent
1619 2173 2020 2261 quadraginta
2054 2172 2129 2237 ad
2155 2197 2325 2262 prae-

539 2365 583 2425 l)
631 2362 882 2437 Generalis
907 2353 1098 2414 'Judicii
1136 2362 1421 2428 hujusmodi
1459 2362 1519 2413 de
1559 2378 1656 2428 quo
1695 2377 1829 2412 nunc
1859 2360 2003 2412 nobis
2035 2366 2324 2423 sermo‘est,

399 2449 658 2515 vestigium
689 2449 819 2514 apud
849 2449 1068 2498 Francos
1098 2450 1150 2498 in
1180 2449 1273 2500 vita
1304 2465 1346 2498 s,
1378 2449 1584 2502 Amandi
1615 2449 1675 2498 de
1717 2463 1820 2497 sec.
1852 2445 1954 2497 Vll.
1995 2454 2178 2511 exstat3
2222 2447 2325 2499 Co-

397 2551 505 2604 mes
537 2535 736 2600 quidam
768 2550 827 2584 ex
857 2549 1037 2599 genere
1068 2535 1370 2585 Francorum
1405 2535 1699 2600 cognomine
1718 2533 1865 2587 Dotto
1897 2540 2192 2599 congregata
2221 2549 2323 2585 non

398 2620 599 2673 minima
638 2619 949 2676 multitudine
987 2620 1318 2680 Francorum,
1360 2621 1409 2670 in
1446 2620 1568 2670 urhe
1608 2620 1859 2678 Tornaco,
1905 2625 1960 2668 ut
1998 2626 2102 2669 erat
2136 2618 2204 2670 illi
2240 2619 2323 2669 in-

390 2706 644 2771 junctum,
685 2707 746 2756 ad
790 2706 1088 2759 dirimendas
1124 2707 1376 2757 resederat
1417 2706 1671 2764 Actiones;
1712 2712 1830 2755 tunc
1867 2711 2209 2770 praesentatus
2245 2712 2322 2755 est

395 2792 591 2860 quidam
645 2807 794 2853 τρυε,
860 2807 1034 2857 quem
1083 2792 1273 2843 omnis
1320 2792 1498 2842 turba
1543 2790 1915 2842 acclamabat
1960 2790 2160 2855 dignum
2209 2806 2319 2841 esse

395 2883 573 2926 morte.
632 2876 702 2926 Ita
739 2877 969 2945 Bouquet
1015 2877 1073 2929 T.
1106 2877 1190 2928 111.
1241 2893 1291 2942 p.
1329 2874 1471 2928 533.
1525 2877 1707 2927 Confer
1745 2875 1938 2940 Savigni
1985 2892 2032 2925 ο.
2075 2868 2145 2926 cs
2172 2876 2230 2926 T.
2274 2877 2314 2928 1.

393 2979 443 3028 p.
487 2956 603 3012 241
652 2969 701 3011 et
741 2959 881 3012 258.
936 2961 1311 3016 Eruditissimus
1353 2970 1525 3014 auctor
1561 2963 1641 3012 hic
1686 2961 1986 3026 judiciorum
2034 2960 2316 3026 hujusmodi

394 3048 537 3114 quale
567 3048 714 3107 Dotto
746 3047 940 3107 habuit,
983 3047 1204 3112 exempla
1234 3048 1308 3097 vel
1336 3049 1467 3113 apud
1496 3048 1712 3100 Francos
1743 3046 1990 3096 rarissima
2022 3053 2222 3113 exstare·
2241 3048 2317 3097 fa*

392 3141 540 3183 tetur.
609 3134 715 3183 Hoc
762 3133 959 3198 quidem
1009 3132 1068 3182 de
1121 3148 1218 3199 quo
1268 3133 1410 3195 dixit,
1461 3133 1754 3187 Hunnorum
1801 3132 1851 3182 in
1900 3132 2102 3198 Europa
2151 3133 2315 3183 domi-
2375 3131 2384 3191 '⁷

393 3226 510 3269 natu
540 3219 787 3285 posterius
819 3225 921 3278 est,
971 3233 1180 3285 quorum
1200 3201 1521 3269 ‘consuetudo
1552 3220 1674 3269 haec
1705 3219 1836 3284 apud
1866 3218 2126 3283 Hungaros
2156 3218 2213 3282 (l.
2247 3218 2309 3268 ΙΙ.

391 3309 437 3364 §-
472 3298 578 3366 40,
621 3299 726 3366 41)
768 3311 1049 3375 superstes,
1091 3303 1375 3372 sensimque
1414 3306 1474 3354 ad
1505 3305 1838 3355 Romanorum
1869 3287 2310 3370 pro‘pius‘adducta

394 3405 581 3440 morem
623 3406 760 3450 eum,
812 3397 867 3441 ut
912 3390 1189 3456 Cognitio
1237 3390 1378 3441 facti
1425 3406 1579 3456 penes
1623 3390 1864 3441 Comitem
1904 3396 1952 3439 et
1989 3387 2308 3455 provinciales

394 3482 551 3535 esset,
591 3475 839 3526 «Iudicium
871 3491 958 3527 seu
990 3467 1112 3541 legis
1142 3476 1202 3525 ad
1233 3476 1413 3526 factum
1444 3475 1668 3542 aplicatio
1700 3476 1760 3526 ad
1790 3474 2058 3525 Palatinum
2088 3472 2307 3539 pertine—
2364 3469 2366 3471 ’

398 3566 498 3619 ret,
533 3575 689 3625 usque
720 3561 778 3610 ad
811 3552 1016 3611 Mathiae
1049 3561 1191 3611 Corv.
1229 3568 1449 3626 tempora
1481 3562 1707 3626 perstitit.
