2384 3886
1861 207 1986 264 3⁰5

917 434 958 509 ς
1008 438 1143 494 loa

168 602 245 652 De
305 602 674 668 specialibus
728 600 1062 651 industriae
1118 601 1314 650 civilis
1368 603 1517 669 apud
1580 603 1889 669 Hungaros

0 731 36 802 «ξ
121 686 125 687 ⁷
771 731 773 733 ·
858 700 1198 764 praesidiis

245 862 400 926 Viae
430 863 769 949 HungariS,
815 876 1009 927 aetate
1040 863 1091 926 d.
1120 863 1436 951 Stephani,
1487 864 1775 951 duplices:
1836 866 1985 929 aliae

4 945 26 974 ‘⁴
78 948 582 1025 exercitualeS,
639 949 887 1012 civiles
936 949 1109 1027 aliae,
1165 971 1410 1035 quarum
1448 947 1565 1011 illis
1595 949 1851 1027 Hadi'it,
1890 950 1984 1013 his

74 1036 437 1120 Orszagi'it
486 1035 545 1096 in
586 1035 901 1098 vernaculo
942 1058 1168 1098 nomen.
1209 1043 1253 1115 1.)
1306 1034 1574 1097 Instituti
1621 1033 1825 1121 hujuS,
1879 1036 1986 1113 ais,

74 1139 193 1183 non
231 1143 333 1182 eos
367 1120 553 1182 fuisse
592 1132 884 1184 auctores
940 1121 1161 1194 Etiam3
1209 1120 1313 1184 sed
1347 1121 1439 1183 vel
1474 1119 1532 1183 id
1560 1119 1826 1208 impense
1862 1122 1984 1184 lau-

73 1204 324 1268 dandum
360 1218 479 1282 est,
525 1205 810 1269 humanos
853 1209 1248 1270 Romanorum
1286 1221 1480 1269 mores
1514 1205 1757 1284 imitari,
1818 1229 1986 1270 secu-

71 1290 348 1377 ritatique
390 1292 837 1355 commeantium
876 1293 1184 1354 consulere
1220 1291 1368 1354 tanti
1408 1315 1510 1354 eos
1549 1291 1806 1354 duxisse.
1851 1295 1985 1356 Lex

0 1384 44 1458 ,5³
73 1375 143 1438 de
165 1376 416 1454 telonio,
483 1376 534 1438 si
572 1377 670 1463 qui
719 1389 1113 1440 commeantes
1169 1377 1406 1463 injustis
1449 1375 1840 1463 indebitisque
1887 1401 1986 1440 ve-

0 1465 1 1468 ’
77 1461 397 1547 ctigalibus
420 1472 730 1539 vexarent,
776 1461 1101 1550 perdendo,
1148 1485 1198 1524 a.
1236 1471 1396 1525 1546
1429 1470 1566 1543 (art.
1592 1469 1702 1543 49)
1733 1463 1983 1550 primum

75 1547 309 1611 condita
363 1547 542 1634 vulgo
587 1551 955 1636 Scriptorum
1006 1547 1305 1622 creditur,
1384 1546 1490 1610 sed
1536 1547 1747 1610 horum
1793 1547 1985 1635 opinio

73 1636 192 1696 ista
222 1658 336 1698 non
364 1631 544 1720 longe
576 1634 648 1696 ab
681 1633 1021 1719 ignorantia
1055 1642 1174 1707 est,
1221 1647 1358 1720 post
1393 1634 1657 1697 detectas
1691 1634 1845 1697 enim
1873 1635 1987 1697 Be-

60 1719 165 1782 ‘lae
204 1723 313 1783 lv.
354 1720 559 1783 literas
585 1726 635 1799 2)
670 1719 958 1783 neminem
990 1719 1313 1806 ingenuum
1357 1719 1486 1782 aevi
1522 1722 1871 1806 Protoregis
1899 1723 1987 1781 in·-

78 1803 423 1891 dagatorem
458 1804 642 1869 latere
684 1814 905 1891 potest:
959 1805 1152 1891 legem
1194 1805 1346 1867 hanc
1365 1808 1489 1890 jam
1524 1818 1719 1868 aetate
1756 1817 1990 1868 sancto-

72 1913 203 1954 rum
239 1895 469 1978 Regum
498 1914 611 1953 usu
641 1890 794 1976 apud
827 1895 1152 1976 Hungaros
1175 1891 1479 1963 floruisse3
1525 1904 1660 1977 post
1682 1890 1851 1953 datas
1883 1914 1989 1977 per

17 1982 45 2007 ²
75 1976 319 2053 milites,
373 1975 498 2062 qui,
556 1986 621 2039 ut
659 1975 797 2038 alibi
841 1974 1118 2052 diximus,
1174 1988 1537 2039 mercatores
1578 1976 1863 2061 quosdam
1897 1998 1988 2039 re-

0 2091 4 2146 g
74 2059 188 2125 bus
225 2061 558 2150 spoliarunt
591 2061 746 2138 suia,
799 2060 1041 2124 meritas
1072 2084 1295 2148 poenas
1334 2073 1455 2123 tam
1491 2060 1863 2125 observatam
1898 2080 1989 2125 re-

170 2284 174 2290 .
219 2249 262 2309 1)
306 2247 400 2297 Lit.
451 2247 631 2313 Geyzae
676 2248 714 2297 l.
751 2249 810 2298 de
848 2264 892 2298 a.
940 2245 1125 2298 1075:
1173 2247 1349 2297 transit
1385 2248 1443 2297 ad
1481 2254 1687 2306 metam,
1735 2258 1857 2311 quae
1897 2254 1988 2308 est,

0 2375 7 2411 ᾗ,
71 2326 208 2403 juxta
240 2332 474 2383 civilem
504 2333 648 2383 viam.
696 2332 832 2383 Mitto
872 2340 1032 2383 cetera
1070 2333 1462 2397 frequentissima
1501 2333 1685 2382 viarum
1726 2332 1986 2381 civilium

78 2418 295 2483 vestigia.
360 2418 430 2468 De
468 2419 653 2469 Hadut:
704 2436 744 2469 s.
786 2419 906 2469 Lad.
948 2420 1007 2468 de
1045 2418 1223 2468 finibus
1261 2418 1389 2467 terit.
1434 2417 1568 2467 villae
1611 2418 1811 2467 Games:
1853 2416 1987 2482 juxta

5 2525 10 2572 ss
79 2504 335 2568 quamdam
366 2503 606 2554 Eclesiam
637 2505 697 2554 ad
727 2505 978 2570 praedium
1010 2503 1181 2567 RegiS,
1224 2510 1271 2552 et
1300 2503 1359 2552 ad
1390 2504 1512 2552 viam
1543 2503 1760 2552 Hadi'lt.
1793 2502 1890 2552 VII.-
1929 2500 1982 2552 5.

78 2604 129 2654 p.
155 2586 250 2639 78.
285 2589 405 2639 lbid.
439 2591 499 2639 ad
530 2607 573 2639 a.
614 2588 771 2639 1212
806 2591 864 2639 de
895 2590 1016 2639 locis
1047 2587 1327 2638 monasterii
1351 2588 1409 2637 de
1434 2589 1647 2653 Tiliony,
1684 2595 1836 2652 „post
1867 2588 1985 2638 haec

7 2689 8 2693 ¹
77 2674 208 2724 venit
236 2676 294 2724 ad
324 2691 550 2740 magnam
579 2676 729 2734 viam,
777 2691 899 2739 quae
931 2674 1106 2724 dicitur
1135 2674 1376 2723 Hadi'lt“
1413 2674 1527 2723 item
1563 2674 1730 2734 „venit
1759 2674 1819 2723 ad
1850 2687 1987 2723 cam-

9 2768 14 2805 ῑ
79 2775 196 2825 pum
226 2761 368 2810 metis
398 2761 701 2826 interpositis·
731 2761 790 2810 ad
822 2760 1082 2809 Hadut.‘⁸
1129 2760 1182 2807 V.
1216 2775 1260 2807 v.
1300 2756 1350 2808 1.
1386 2775 1436 2823 p.
1474 2756 1613 2808 295.
1665 2759 1802 2816 Quod
1841 2774 1990 2809 voca-

12 2889 15 2892 ,
80 2844 247 2895 bulum
277 2846 326 2895 in
365 2846 437 2896 lit.
481 2862 524 2895 a.
572 2842 728 2896 1376
763 2846 821 2895 de
852 2845 994 2894 metis
1026 2844 1135 2909 pagi
1169 2844 1309 2893 Gelse
1340 2844 1389 2893 in
1418 2845 1667 2910 provincia
1705 2845 1831 2893 Zala.
1864 2839 1985 2893 VIII.

11 2939 13 2941 ’
80 2946 124 2980 ν.
163 2928 215 2980 1.
249 2948 298 2996 p.
342 2928 480 2982 608.
521 2932 571 2981 in
610 2931 839 2980 Hathur
885 2936 1170 2994 corruptum
1209 2930 1408 2994 legitur3
1465 2930 1515 2979 in
1555 2930 1626 2980 lit.
1668 2931 1824 2980 Andr.'
1857 2930 1895 2979 Ι.
1931 2930 1990 2979 de

12 3023 16 3062 ἱ
82 3031 127 3064 a.
166 3013 324 3065 1055
358 3015 443 3083 (C.
478 3017 534 3066 D.
569 3017 606 3066 Ι.
651 3033 701 3082 p.
747 3012 891 3076 389)
931 3015 1090 3064 hodu
1119 3022 1248 3075 utu,
1298 3022 1396 3064 non
1431 3016 1627 3077 calami,
1677 3015 1763 3065 sed
1794 3022 1990 3079 tempo-

83 3094 152 3150 ris
181 3101 294 3150 vitio
325 3101 390 3150 ita
421 3102 675 3166 scriptum.

217 3188 264 3247 2)
307 3186 413 3235 Jam
455 3187 506 3236 in
544 3187 699 3251 privil.
743 3186 849 3235 Ecl.
891 3185 1035 3249 Strig.
1077 3186 1137 3235 de
1173 3201 1219 3234 a.
1263 3183 1419 3236 1239
1473 3185 1810 3244 constituitur,
1851 3185 1986 3249 „qui

44 3257 54 3271 ἦ
84 3271 316 3321 telonium
352 3288 377 3320 a
408 3271 601 3336 populis
619 3271 836 3320 Eclesiae
867 3271 1079 3334 Strigon.
1115 3272 1352 3335 exegerit,
1385 3272 1559 3321 citatus
1588 3271 1648 3320 ad
1673 3271 1818 3336 Regis
1844 3280 1990 3335 prae-

87 3357 290 3415 sentiam
325 3357 397 3405 vel
426 3357 618 3406 Judicis.
644 3357 841 3417 Curiae,
890 3356 1044 3405 ablata
1076 3356 1321 3418 restituat,
1372 3363 1419 3406 et
1448 3357 1490 3405 X
1519 3372 1708 3406 marcas
1739 3372 1828 3421 pro
1858 3348 1990 3405 bir-

40 3497 42 3500 ,
87 3443 253 3506 sagio
286 3443 453 3491 solvat.
494 3441 557 3492 Et
583 3441 623 3491 si
651 3448 819 3491 contra
850 3441 1008 3491 facere
1038 3447 1318 3502 attentaret,
1348 3441 1580 3493 tributum
1612 3442 1812 3506 perdat,
1845 3447 1985 3506 prout

89 3541 114 3574 a
146 3527 230 3577 SS.
265 3528 522 3591 Regibus
553 3527 611 3576 ab
644 3526 841 3590 antiquo
878 3535 952 3575 est
979 3526 1270 3576 institutum.

1570 3610 1645 3659 20
