2384 3886
1887 200 2011 258 297

107 337 363 422 singulis
393 338 635 415 marcis,
677 360 792 424 quo
817 336 1064 414 vellent,
1100 338 1424 402 concedere
1446 340 1731 427 potuisse.
1750 345 1801 420 3)
1844 337 2014 402 Nihil

106 420 294 518 igitur
313 421 422 484 hac
443 435 612 510 parte
636 445 750 509 per
787 421 1124 485 Carolinam
1157 447 1283 486 eam
1319 425 1512 510 legem
1538 425 1852 512 quidquam
1875 440 2014 487 con-

55 560 57 562 .
108 519 381 570 stitutum
401 507 554 585 novi,
585 509 690 572 sed
710 507 1008 595 primaeva
1023 509 1447 593 Hungarorum
1467 511 1812 588 liberalium,
1847 533 2015 596 pere-

106 596 279 678 grino
336 592 423 655 sic
480 593 803 656 deforma-ta
878 591 1152 670 arbitrio,
1220 606 1286 655 ut
1338 595 1398 656 in
1446 619 1664 682 magna
1722 596 2016 682 exemplo-

12 675 22 743 ξ
102 700 235 741 rum
268 678 602 741 sententiae
642 677 778 740 huic
813 699 980 740 meae
1018 675 1458 741 adversantium
1502 681 1863 767 frequentia,
1910 680 2016 744 dif-

104 762 259 825 ficile
284 764 443 825 sactu
478 762 592 839 sit,
629 787 747 825 non
777 762 1045 839 credere,
1082 761 1194 825 hos
1225 762 1402 825 etiam
1434 766 1848 852 Jobbagiones
1886 788 2017 828 cum

104 847 284 934 gleba
327 860 386 911 et
434 848 622 934 capite
665 849 739 911 ad
782 847 1074 911 Dominos
1116 871 1261 911 suos
1302 850 1696 936 pertinuisse,
1741 851 2018 938 propriae

104 933 384 997 restituta
415 932 572 995 laudi
607 956 751 998 suae
783 946 842 997 et
874 957 980 1021 per
1006 936 1236 1020 Regem
1267 955 1399 996 eum
1429 935 1676 1021 egregie
1704 936 1916 1000 fortem
1946 936 2019 999 ad

105 1031 350 1082 cunctos
387 1032 636 1082 extensa
675 1021 935 1083 rusticos
970 1031 1081 1083 est.

118 1268 121 1273 ι
240 1204 291 1274 3)
335 1206 633 1257 Benedictus
681 1206 862 1257 Comes
906 1207 1168 1272 parochiae
1204 1205 1429 1258 Albensis
1468 1208 1567 1270 (Vl.
1608 1224 1651 1256 v.
1691 1206 1743 1257 1.
1789 1223 1839 1273 p.
1875 1205 2021 1265 207)

105 1308 150 1342 a.
189 1288 348 1343 1292
391 1292 632 1342 Servum
675 1308 820 1342 suum
860 1292 1059 1343 Petrum
1095 1293 1146 1342 in
1184 1300 1377 1343 coetum
1417 1293 1840 1343 libertinorum
1880 1309 2024 1343 suo-

8 1399 10 1403 ·
106 1393 230 1427 rum
261 1377 518 1428 assummit
547 1378 638 1439 ita,
681 1384 735 1427 ut
767 1393 935 1428 secum
967 1385 1016 1428 et
1045 1378 1155 1428 filiis
1187 1379 1288 1428 suis
1320 1379 1695 1429 exercituare
1726 1379 1776 1428 in
1808 1378 2030 1442 exercitu·

109 1462 257 1528 regali
287 1454 570 1526 teneantur3
605 1463 646 1514 si
676 1469 838 1513 autem
868 1464 1003 1529 ipse,
1036 1470 1118 1514 aut
1150 1464 1233 1513 filii
1264 1471 1551 1529 paupertate
1581 1464 1849 1529 praepediti
1881 1479 2023 1513 exer—

109 1548 422 1599 cituarenon
453 1555 681 1614 possent,
724 1548 935 1599 dominis
966 1564 1138 1599 eorum
1168 1550 1404 1600 unciam
1436 1550 1550 1601 dare
1581 1565 1671 1615 pro
1704 1564 1916 1615 expensa
1944 1555 2025 1598 te-

107 1640 307 1697 neatur;
351 1634 402 1684 si
443 1641 603 1684 autem
642 1634 756 1684 filii
788 1634 1056 1700 ejusdem
1090 1635 1344 1686 Comitis
1375 1635 1513 1701 ipsos
1543 1636 1700 1685 ultra
1731 1642 2023 1685 statutum

108 1719 426 1770 Servitium
456 1719 694 1770 voluerint
723 1735 974 1784 agravare,
1018 1727 1137 1770 tunc
1171 1720 1374 1785 singuli,
1416 1721 1540 1771 datis
1573 1720 1833 1786 singulis
1863 1735 2025 1770 mar-

55 1877 57 1879 *
108 1805 229 1866 ciS,
277 1811 340 1855 ut
375 1821 504 1855 mos
536 1815 627 1855 est
655 1805 1081 1856 libertinorum
1121 1809 1189 1868 (a.
1229 1803 1387 1855 1292
1431 1813 1542 1858 ante
1574 1806 1799 1871 superius
1831 1806 2024 1855 citatam

27 1929 34 1944 »,
107 1890 272 1955 itaque
302 1890 487 1956 legem,
531 1890 627 1940 hoc
658 1890 859 1952 dicitur)
892 1906 944 1940 se
975 1891 1170 1956 possint
1198 1891 1405 1941 liberare
1437 1898 1485 1941 et
1514 1893 1644 1956 apud
1676 1892 1833 1941 dictos
1865 1890 2028 1941 domi—

109 1990 202 2025 nos
245 1991 390 2037 suos,
432 1975 505 2026 vel
543 1977 672 2042 apud
709 1975 857 2036 alim,
899 1976 940 2026 si
976 1976 1239 2039 voluerint,
1280 1977 1431 2026 libere
1463 1984 1511 2026 et
1542 1978 1645 2027 sine
1676 1977 2026 2041 impedimento

108 2059 402 2112 ccmmorari
442 2060 554 2122 „Ex
591 2061 848 2136 classico
887 2061 1192 2112 monimento
1231 2061 1326 2112 hoc
1364 2062 1630 2128 intelligaS‚
1679 2061 1795 2128 quid
1834 2062 1884 2112 in
1921 2062 2027 2126 lege

110 2146 327 2214 sequiori
357 2154 682 2198 memoratum
713 2146 953 2212 significet
983 2138 1340 2199 consuetum
1371 2148 1758 2214 terragium.“

595 2343 659 2408 b)
696 2345 955 2394 Libertini
990 2346 1210 2393 minoris
1248 2346 1522 2394 libertatis·

262 2486 512 2564 Horum,
544 2508 735 2572 neque
756 2497 954 2549 tamen
973 2487 1240 2550 Uxorum
1259 2484 1435 2548 etiam
1456 2508 1526 2547 ac
1547 2484 1818 2572 prolium,
1849 2508 2029 2572 opera

112 2570 525 2658 industriaque
564 2570 754 2635 omnis
792 2570 864 2634 ad
891 2569 1100 2634 herum
1134 2570 1474 2657 spectabat3
1523 2571 1736 2656 glebae
1760 2569 2030 2634 adstricti

51 2661 53 2663 ’
113 2679 246 2719 cum
279 2655 391 2719 hac
420 2656 619 2735 vendi,
647 2655 1080 2742 transferrique
1112 2655 1171 2718 in
1198 2654 1374 2718 alium
1402 2663 1769 2742 poterant31)
1814 2656 2032 2719 mansit

12 2803 13 2816 2
47 2772 50 2774 ’
113 2755 310 2806 tamen
345 2742 601 2806 conditio
633 2741 824 2828 prior,
868 2753 928 2804 et
957 2763 1136 2827 saepe
1173 2752 1398 2803 mutato
1437 2744 1693 2805 Domino
1722 2742 1928 2806 melior
1956 2741 2031 2803 iis

114 2828 351 2891 fortuna
373 2827 581 2891 illuxit.
617 2828 722 2891 Sic
742 2831 1013 2892 Joannes
1038 2826 1315 2889 Pontifex
1338 2827 1799 2925 StrigoniensiS,
1828 2827 2032 2913 magni

50 2911 53 2913 ’
115 2914 316 2999 utique
361 2914 452 2975 vir
490 2913 700 2991 animi,
760 2925 818 2976 et
857 2935 1002 2975 sane
1036 2934 1208 2997 quam
1245 2911 1667 2998 dignisslmus,
1724 2916 1891 3000 cujus
1929 2937 2030 2975 no—

114 2998 253 3061 mini
295 3021 618 3085 assurgaS,
686 2998 940 3085 quinque
999 3009 1059 3060 et
1103 2995 1303 3060 decem
1354 2998 1648 3062 libertinis
1701 2999 1772 3063 de
1819 2997 2031 3061 Zonok

38 3100 41 3101 ’
117 3083 328 3171 emptis
370 3107 477 3170 per
520 3107 618 3162 se,
677 3084 982 3147 arbitrium
1032 3080 1326 3168 deligendi
1378 3083 1548 3162 fecit,
1596 3109 1710 3171 quo
1752 3083 2032 3168 deinceps

117 3168 345 3232 servitii
376 3191 599 3254 genere
624 3170 897 3232 Eclesiae
930 3167 1336 3254 Strigoniensi
1365 3169 1620 3233 subesse
1647 3170 1895 3232 vellint‘.2
1939 3168 2034 3230 llli

117 3253 548 3342 pincernariam
571 3253 924 3340 delegerunt
952 3253 1326 3317 servitutem:
1362 3257 1407 3318 J
1410 3278 1632 3318 oannes
1660 3277 1803 3317 vero
1838 3266 1898 3317 et
1921 3253 2035 3317 hoc

117 3352 311 3404 ratum
345 3338 580 3417 habuit,
634 3352 694 3403 et
735 3338 1074 3427 petentibus
1110 3339 1408 3405 concessit
1438 3340 1676 3418 literas,
1723 3339 1938 3429 quibus
1974 3338 2035 3404 in

258 3528 299 3588 ¹)
343 3526 538 3591 Regest.
573 3526 678 3575 Var.
713 3541 762 3575 n.
798 3520 937 3575 374.
