2384 3886
390 214 474 270 58

392 347 768 423 auctoribus,
826 346 926 430 qui
980 344 1052 406 de
1104 345 1473 430 originibus,
1532 344 2168 431 vicissitudinibusque
2203 347 2324 408 avi-

391 447 587 495 torum
637 431 867 518 patriae
919 428 1328 492 institutorum
1380 429 1697 493 memorias
1754 428 2182 515 prodiderunt,
2241 429 2326 493 ita

390 539 540 578 usus
585 539 747 589 sum,
793 526 892 590 ut,
941 513 1159 599 quibus
1209 512 1402 575 adhuc
1446 514 1825 600 negotiorum
1865 525 2100 576 tantum
2142 513 2325 577 inter-

389 601 582 675 valla,
653 598 934 684 deinceps
992 611 1223 684 partem
1278 621 1512 684 quoque
1558 597 1845 685 temporis
1899 595 2164 683 negotiis
2227 597 2325 660 his

391 682 705 759 destinati,
752 683 916 745 velut
947 682 1284 769 praecipuis
1321 683 1396 745 ad
1449 681 1600 745 haec
1655 682 2019 769 perficienda
2045 681 2326 765 adjutori-

387 768 502 829 bus
529 767 754 841 darem3
792 767 1056 852 nihilque
1129 766 1271 829 mihi
1306 780 1426 829 tam
1453 767 1747 852 gratulor,
1784 789 1958 851 quam
1994 766 2084 828 sic
2116 765 2328 829 deinde

389 852 568 914 etiam
603 864 859 915 aetatem
899 875 1131 914 omnem
1164 852 1388 936 degere
1419 851 1722 937 potuisse,
1768 863 1834 914 ut
1866 851 1941 912 ab
1976 850 2092 914 hoc
2125 874 2328 913 rerum

387 948 658 999 veterum
683 935 1151 1021 hungaricarum
1188 935 1388 998 studio
1417 959 1719 1020 nunquam
1750 935 1991 1020 penitus
2023 957 2327 998 avocarer.

385 1024 598 1116 Itaque
626 1033 851 1105 ‘postea
908 1020 1086 1083 etiam
1113 1069 1127 1096 ,
1189 1033 1367 1103 atque
1423 1018 2066 1094 honorificentissimo,
2134 1019 2326 1081 excel-

387 1106 566 1166 lentls
625 1105 766 1181 viri,
815 1127 1004 1189 quave
1033 1108 1160 1188 jam
1202 1103 1452 1177 fruitur,
1502 1102 1659 1163 fama
1694 1102 1788 1163 sui
1825 1102 1899 1164 ad
1933 1103 2336 1165 immortalem

388 1189 647 1274 gratiam
699 1211 899 1251 rerum
951 1211 1061 1272 per
1120 1209 1188 1248 se
1236 1186 1298 1246 in
1357 1186 1664 1248 commoda
1720 1186 1959 1271 publica
2015 1199 2329 1272 gestarum

388 1284 729 1357 comparata
750 1320 764 1347 ,
842 1293 1143 1355 nunquam
1205 1293 1324 1333 non
1379 1270 1596 1332 victuri
1625 1320 1639 1347 ,
1711 1271 1964 1356 Georgii
2027 1270 2328 1335 Mailathii

386 1379 545 1417 nunc
591 1355 830 1418 Judicis
885 1355 1106 1418 Curiae
1148 1355 1436 1440 Regiae,
1461 1368 1607 1417 tunc
1641 1355 1995 1418 Personalis
2026 1359 2327 1419 Praesen-

385 1441 506 1503 tiae
554 1439 786 1524 Regiae
836 1440 898 1501 in
932 1439 1190 1503 Judiciis
1232 1439 1732 1503 Locumtenentis
1760 1439 1820 1502 in
1845 1462 1939 1501 me
1978 1441 2208 1517 studio,
2251 1440 2328 1503 ad

386 1524 630 1588 Curiam
659 1525 915 1609 Regiam
948 1524 1147 1587 Officii
1180 1523 1393 1610 hujuS,
1430 1537 1568 1611 post
1599 1525 1863 1611 paullum
1899 1523 2196 1611 singulari
2221 1525 2327 1587 ›be-

385 1609 686 1694 nignitate
742 1609 1114 1672 serenissimi
1166 1611 1232 1671 C.
1274 1613 1342 1673 R.
1378 1609 1714 1695 PrincipiS,
1762 1609 1863 1695 qui
1900 1632 2091 1695 nuper
2134 1609 2329 1673 adhuc

386 1698 623 1756 Prorex
654 1696 964 1778 Amorque
1001 1698 1464 1779 Hungarorum,
1502 1697 1629 1780 jam
1657 1694 1838 1757 sunus
1871 1716 2166 1757 summum
2192 1717 2326 1781 per-

385 1792 748 1865 potuumque
787 1778 1150 1841 desiderium
1186 1802 1394 1842 eorum
1429 1791 1555 1856 est,
1599 1779 1801 1842 Officii
1823 1779 2086 1841 Palatini
2108 1782 2326 1843 Proto÷
2379 1772 2384 1814 ³

384 1862 657 1926 notarius
689 1863 1061 1940 nominatuS,
1111 1886 1220 1950 per
1252 1863 1451 1926 divum
1488 1862 1741 1949 denique
1778 1865 2175 1926 Franciscum
2210 1866 2327 1927 Re-

386 1971 527 2033 gem
571 1947 644 2010 ad
684 1948 1123 2011 Cancellarium
1166 1951 1234 2011 R.
1274 1951 1351 2010 H.
1394 1948 1676 2010 Aulicam
1710 1972 1745 2011 a
1789 1948 2076 2012 Consiliis
2111 1952 2328 2034 jussus
2380 2008 2384 2034 4

387 2055 578 2108 eram,
627 2033 782 2094 colui
817 2032 1078 2095 studium
1110 2032 1256 2109 hoc,
1304 2045 1591 2118 quantum
1620 2057 1730 2119 per
1758 2033 2023 2119 reliquas
2061 2032 2329 2095 muneris
2374 2037 2384 2108 ξ

386 2129 594 2204 partes
623 2117 860 2194 liceret,
893 2115 1007 2180 hoc
1036 2118 1263 2203 magiS,
1295 2116 1451 2202 quod
1483 2119 1656 2204 plura
1688 2118 1749 2180 in
1784 2142 1855 2182 eo
1888 2130 2129 2194 essent,
2177 2139 2344 2203 quae·

386 2202 475 2264 uti
512 2223 614 2263 res
643 2215 890 2265 nostrae
919 2202 1111 2265 adhuc
1149 2214 1321 2278 sunt,
1369 2201 1443 2265 ad
1477 2216 1855 2288 praesentem
1889 2225 2125 2289 quoque
2152 2225 2330 2264 usum

387 2285 855 2372 suppeditarent.
906 2285 1012 2349 Sic
1043 2286 1330 2350 adsvetus
1367 2287 1539 2350 labor
1576 2287 1751 2349 aliam
1784 2311 1859 2351 ex
1894 2287 2013 2349 alia
2057 2287 2328 2373 volupta-

385 2384 508 2433 tem
546 2383 606 2432 et
640 2394 852 2457 saepe,
890 2395 1002 2434 nec
1040 2371 1196 2433 enim
1233 2371 1525 2449 diffiteor,
1565 2372 1798 2435 dulcem
1835 2371 2058 2435 doloris
2086 2371 2328 2434 aberra-

384 2455 607 2518 tionem
630 2455 864 2529 habuit3
905 2456 1232 2543 propositis
1266 2469 1464 2520 tamen
1500 2469 1638 2520 ante
1667 2459 1873 2520 oculos
1912 2457 2209 2519 clarorum
2242 2455 2328 2517 vi-

383 2563 588 2603 rorum
618 2541 904 2627 exemplis
939 2540 1304 2603 incitabatur
1326 2540 1610 2614 maxime3
1648 2541 1805 2627 quod
1835 2541 2049 2603 iterum
2083 2539 2328 2603 iterum-
2371 2593 2374 2596 .

385 2648 499 2710 que
529 2626 854 2687 cavendum
889 2625 1252 2702 existimavi,
1290 2649 1364 2688 ne
1404 2638 1662 2711 quantae
1697 2625 1773 2688 iis
1801 2626 2035 2711 gloriae
2066 2637 2190 2701 est,
2223 2647 2326 2687 res

382 2709 750 2793 hungaricas
785 2711 971 2794 longa
1000 2733 1249 2796 pressas
1286 2723 1462 2773 nocte
1499 2710 1573 2773 ad
1617 2710 1936 2773 diluculum
1980 2708 2324 2785 adduxisse,

382 2806 555 2855 tanto*
580 2793 753 2854 nobis
777 2793 1052 2857 dedecori
1085 2795 1167 2857 sit
1194 2818 1314 2857 non
1354 2795 1695 2871 elaborare,
1742 2808 1810 2858 ut
1851 2817 1984 2857 cum
2029 2792 2326 2856 institutis

385 2881 687 2963 Majorum
714 2880 922 2962 justae
961 2879 1137 2940 simul
1166 2901 1372 2940 eorum
1399 2879 1607 2940 laudes
1638 2880 1700 2940 in
1732 2881 1864 2943 luce
1899 2877 2171 2964 ampliori
2207 2878 2325 2940 col-

383 2963 695 3037 locentur,
761 2961 975 3046 quidve
1041 2963 1101 3023 in
1158 2985 1416 3024 recensu
1475 2962 1800 3025 formarum
1851 2974 2050 3026 status
2104 2961 2326 3048 publici
2377 2971 2382 2974 ’

383 3050 662 3132 Europae
686 3046 818 3107 aevi
842 3045 1196 3122 intermedii,
1227 3045 1297 3107 de
1325 3046 1436 3107 hac
1467 3047 1562 3108 vel
1590 3047 1650 3109 in
1679 3047 1887 3134 primis
1914 3046 2141 3110 sentire
2167 3046 2324 3108 Civi-

386 3144 511 3195 tate
570 3131 807 3207 deceat,
887 3129 1244 3193 accuratiori
1314 3132 1771 3195 vernaculorum
1830 3131 2077 3218 generis
2132 3129 2325 3194 nostri
2380 3129 2384 3170 Ῑ

381 3239 632 3292 morum,
679 3215 1210 3301 institutorumque
1253 3216 1412 3278 inter
1447 3239 1514 3278 se
1561 3229 1621 3279 et
1659 3240 1791 3279 cum
1827 3215 2051 3282 exteris
2089 3237 2322 3302 compa-

381 3300 614 3365 ratione
651 3301 848 3386 magis
884 3299 1168 3364 reddatur
1207 3298 1602 3386 perspicuum.
