2384 3886
391 190 515 247 282

390 330 608 412 Neque
644 327 790 388 nihil
825 326 884 386 in
922 324 1206 388 limitibus
1243 325 1488 389 aliorum
1526 348 1755 412 quoque
1789 326 2172 412 complurium
2193 330 2307 391 Co-

390 411 700 473 mitatuum
726 422 1042 487 mutatum,
1089 435 1207 474 non
1238 423 1358 474 tam
1392 412 1528 496 lege
1556 409 1825 497 publica,
1872 432 2043 495 quam
2077 416 2311 500 Regum

392 497 452 557 in
488 519 591 559 eos
637 493 1033 581 indulgentia,
1080 495 1295 582 quibus
1334 495 1578 583 praedia
1610 519 1720 558 sua
1753 495 2020 558 viciniori
2054 496 2310 573 adscribi

390 581 711 644 Comitatui
764 581 1126 644 commodius
1175 583 1369 644 visum
1419 596 1528 645 est.
1618 585 1777 644 Huic
1821 594 2019 660 tamen
2036 629 2048 639 ,.
2068 583 2312 647 arbitrio

390 666 678 731 articulus
715 674 813 730 28.
857 673 1023 732 1500
1064 667 1297 732 modum
1330 668 1547 754 posuit.

1258 888 1299 964 g
1343 890 1444 947 oo.

389 1038 503 1091 Lex
551 1042 599 1091 d.
648 1040 949 1106 Stephani
991 1040 1060 1089 de
1114 1039 1342 1089 castris
1395 1039 1741 1105 hujusmodi
1792 1042 1850 1091 in
1902 1042 2310 1107 praedia.non

1160 1125 1547 1175 conserendis

556 1272 964 1337 >Consiliorum
1005 1271 1297 1360 Stephani
1336 1273 1662 1362 principes:
1721 1274 2061 1353 Deodatus,
2115 1276 2316 1338 Astri-

392 1384 528 1438 cus,
574 1363 927 1436 Paznanus,
973 1359 1283 1422 Gerardus
1319 1372 1505 1423 erant.
1551 1362 1757 1447 Atque
1791 1360 2002 1424 horum
2058 1384 2174 1447 ego
2214 1361 2315 1424 do-

394 1450 588 1510 ctrina
623 1495 638 1524 ,
711 1446 1136 1534 praeclaraque
1192 1445 1253 1507 in
1301 1469 1512 1509 novam
1576 1446 1828 1534 patriam
1892 1447 2198 1510 voluntate
2258 1447 2317 1509 sa

392 1545 551 1596 ctum
582 1544 756 1619 puto,
803 1543 870 1594 ut
891 1531 1218 1595 constituta
1255 1555 1363 1619 per
1384 1531 1436 1595 d.
1462 1531 1834 1619 Stephanum
1865 1532 2103 1595 vixdum
2133 1533 2323 1595 virum

390 1617 745 1683 Monarchia
781 1616 1000 1705 patria,
1042 1616 1115 1679 ad
1166 1641 1370 1680 omnes
1420 1617 1822 1703 experientiae
1847 1618 2109 1682 diuturni
2128 1618 2322 1704 regni,

392 1704 797 1790 historiaeque
846 1716 1206 1790 temporum,
1274 1726 1344 1765 ac
1390 1704 1641 1766 maxime
1688 1703 2039 1789 systematis
2102 1704 2322 1790 guber-

393 1790 653 1854 nationis
701 1788 903 1853 Caroli
931 1793 1015 1852 M.
1053 1789 1473 1852 informaretur
1511 1789 1835 1861 cautiones.
1879 1794 2046 1853 Inter
2084 1789 2194 1853 has
2230 1813 2321 1852 re—

394 1877 583 1941 fertur
612 1873 958 1939 constitutio
990 1877 1120 1960 ejus
1152 1886 1262 1938 art.
1294 1882 1394 1938 3⁰.
1438 1875 1648 1937 Bullae
1685 1899 1901 1939 aureae
1933 1875 2216 1943 Andreae
2245 1879 2322 1938 ll.

395 1974 636 2026 servata
657 2010 672 2038 ,
742 1961 814 2024 de
864 1960 1093 2023 duabus
1150 1960 1544 2046 dignitatibus
1599 1961 1818 2023 nemini
1871 1962 1972 2024 uni
2018 1961 2322 2026 conferen—

397 2046 507 2110 dis.
541 2054 587 2128 1)
652 2049 787 2110 Lex
824 2050 966 2109 item
1012 2046 1201 2109 altera
1235 2046 1446 2109 Bullae
1488 2044 1701 2132 hujuS,
1765 2070 1882 2133 qua
1922 2060 2192 2124 cavetur,
2238 2047 2323 2109 in-

395 2136 559 2219 tegri
602 2133 936 2196 Comitatus
979 2132 1073 2195 vel
1109 2131 1437 2218 dignitates
1464 2130 1525 2194 in
1553 2132 1797 2217 praedia
1839 2155 1948 2195 seu
1986 2133 2322 2220 possessio-

395 2243 505 2282 nes
538 2243 613 2282 ne
648 2219 1118 2298 conserantur32)
1166 2218 1283 2280 vim
1308 2230 1369 2281 et
1392 2217 1742 2304 sapientiam
1770 2218 2112 2305 utriusque,
2153 2242 2325 2281 nemo

396 2304 458 2367 in
498 2305 680 2368 rebus
722 2303 980 2392 politicis
1030 2316 1151 2366 tam
1202 2302 1424 2391 hospes
1483 2315 1614 2381 est,
1678 2303 1777 2390 qui
1818 2328 1938 2368 non
1985 2303 2325 2393 perspiciat.

396 2394 667 2478 Utraque
724 2390 795 2454 ad
841 2389 1162 2454 avertenda
1191 2390 1265 2452 ab
1304 2389 1621 2476 Hungaria
1655 2390 1810 2452 mala
1845 2389 2155 2476 dirigitur,
2201 2389 2325 2477 qui·
2369 2385 2375 2399 ’

395 2477 508 2540 bus
531 2477 845 2565 impulsam
895 2475 1276 2540 Germaniam
1343 2488 1640 2551 veterem,
1715 2476 2086 2564 Galliamque
2137 2481 2324 2540 Fran-

399 2587 604 2626 corum
670 2560 742 2626 de
789 2575 953 2626 statu
1012 2585 1122 2625 suo
1167 2560 1540 2649 demigrasse
1590 2561 2037 2626 honoratissimi
2058 2567 2329 2650 gentium

399 2647 611 2712 harum
658 2648 1002 2737 Scriptores
1049 2648 1184 2712 dum
1230 2660 1587 2736 queruntur,
1634 2671 1745 2711 nos
1775 2648 1977 2727 simul,
2021 2650 2159 2737 quid
2190 2653 2324 2712 Ste-

541 2893 588 2963 l)
632 2895 767 2946 Mon.
803 2896 853 2946 S.
889 2896 1010 2947 Gall.
1039 2897 1073 2946 l.
1104 2897 1146 2946 Ι.
1177 2897 1638 2947 Providentissimus
1664 2895 1876 2947 Carolus
1906 2893 2028 2945 nulli
2059 2893 2323 2955 Comitum,

403 2984 496 3037 nisi
539 2982 642 3043 his,
691 2982 774 3047 qui
812 2981 863 3031 in
901 2981 1114 3031 confinio
1148 2981 1228 3031 vvel
1265 2983 1477 3032 termino
1516 2982 1835 3032 harbarorum
1876 2979 2130 3031 constituti
2169 2985 2324 3049 erant,

400 3071 513 3137 plus
546 3083 692 3134 quam
722 3083 873 3117 unum
908 3067 1205 3117 Comitatum
1237 3067 1560 3117 concessit.

536 3173 584 3231 2)
629 3169 731 3219 Art.
768 3166 823 3218 2.
846 3184 889 3219 a.
919 3165 1076 3218 1291
1117 3168 1299 3229 ,‚item,
1349 3168 1481 3233 quod
1510 3168 1698 3218 nullum
1733 3167 2030 3218 Comitatum
2061 3165 2202 3231 regni
2231 3181 2326 3215 no-
2369 3201 2373 3205 Δ

406 3257 493 3307 stri
523 3255 729 3305 Eclesiis
759 3254 834 3304 vel
867 3268 1034 3305 earum
1066 3254 1323 3316 PraelatiS,
1371 3254 1645 3304 Baronibus
1679 3255 1750 3304 vel
1780 3252 2031 3305 Nobilibus
2063 3252 2223 3312 alicui,
2254 3250 2327 3299 vel

405 3342 647 3407 aliquibus
678 3340 728 3390 in
758 3347 1052 3406 perpetuum
1084 3341 1423 3402 consfflemus3
1470 3340 1718 3390 imitantes
1747 3340 1799 3390 in
1830 3340 1926 3389 hoc
1972 3344 2326 3387 sanctorum

390 3427 876 3492 v»Progenitorum
912 3432 1229 3487 nostrorum,
1286 3425 1475 3491 Regum
1515 3426 1775 3478 illustrium
1813 3423 2086 3490 Hungariae
2127 3421 2325 3487 vestigia

410 3528 498 3577 pro
531 3512 729 3563 modulo
761 3519 810 3563 et
838 3528 929 3577 pro
960 3517 1169 3577 posse.“
2314 3499 2317 3501 ⁵
