2384 3886
413 221 538 278 286

413 387 509 435 quo
552 369 804 434 praedicto
842 376 1004 419 castro
1042 369 1150 434 ipse
1189 375 1237 419 et
1276 367 1381 433 ejus
1420 368 1502 423 filii
1532 367 1848 428 tenebantur,
1894 368 2132 432 plenius
2161 377 2326 420 essent

410 455 588 504 exemti
619 461 667 504 et
707 454 835 504 inter
880 455 1231 504 Servientes
1278 453 1453 519 Regis
1490 460 1836 514 censerentur3
1889 452 1973 503 filii
2011 446 2189 508 novum
2227 455 2328 504 Be-

410 541 482 589 lae
513 540 588 589 IV.
631 539 982 603 essagitaverint
1018 539 1323 605 privilegium
1365 548 1458 599 „ut
1495 539 1728 603 deinceps
1763 545 1925 588 castro
1963 538 2024 588 de
2063 537 2329 605 Zolgageur

408 625 543 674 nullo
575 624 789 685 servitio,
838 641 943 676 seu
973 625 1181 676 debito
1213 626 1310 675 sint
1340 625 1578 686 adstricti,
1622 625 1708 675 sed
1739 623 2052 678 servientium
2081 624 2326 688 regiorum

408 708 502 775 ipsi
539 717 588 760 et
623 710 861 761 haeredes
899 711 1149 777 perpetuis
1193 711 1498 776 temporibus
1544 709 2044 776 gaudeantlibertate
2094 705 2200 778 (vl.
2237 725 2329 776 pa-

408 796 521 860 gina
562 790 771 866 138).“
818 795 951 847 Haec
987 797 1049 847 ad
1076 796 1416 861 explicandum
1452 796 1700 847 familiaris
1736 802 1952 846 veterum
1997 793 2327 859 Diplomatum

408 881 646 932 formulae
679 882 922 947 plenius
957 882 1172 933 exemti
1210 896 1429 932 sensum.

813 1050 858 1110 c)
898 1053 964 1097 de
1004 1049 1411 1098 centurionibus
1451 1054 1503 1096 ec
1539 1050 1908 1097 Praeconinus.

575 1193 646 1253 ln
680 1187 940 1252 curanda
978 1211 1044 1252 re
1090 1187 1409 1255 tributaria
1442 1187 1658 1254 Comiti
1693 1187 2054 1277 parochiano
2089 1211 2329 1278 operam

406 1274 626 1340 dabant
671 1273 1072 1338 Centuriones
1101 1323 1117 1352 ,
1226 1298 1293 1339 ro
1347 1273 1729 1362 amplitudine
1779 1274 2065 1339 territorii
2127 1274 2328 1352 castri,

402 1361 606 1449 plures
653 1360 996 1447 paucioreS,
1058 1371 1117 1425 et
1228 1359 1715 1448 rchipraecones;
1777 1359 1882 1424 sed
1932 1360 2085 1424 enim
2130 1384 2332 1425 mune-

403 1447 490 1511 ris
519 1446 728 1510 horum
761 1445 910 1511 aliae
940 1445 1115 1511 etiam
1144 1459 1313 1512 erant
1338 1459 1559 1535 partes.
1603 1450 1683 1511 Et
1717 1446 2036 1512 centurio
2075 1445 2329 1533 quidem,

403 1534 556 1598 alter
594 1532 777 1597 veluti
815 1535 1033 1596 Comes
1069 1531 1376 1598 districtus
1403 1539 1448 1613 1)
1489 1531 1611 1610 sui,
1659 1544 1718 1600 et
1762 1555 1888 1614 rem
1920 1531 2233 1596 militarem
2271 1542 2332 1595 et

401 1618 778 1683 tributariam
815 1631 875 1683 et
922 1617 1172 1705 denique
1205 1619 1265 1701 in
1300 1618 1498 1682 causis
1547 1617 1874 1682 minoribus
1896 1667 1911 1694 ,
1978 1641 2105 1683 rem
2154 1617 2331 1682 etiam

390 1704 767 1791 judiciariam
790 1705 1165 1791 procurabat.
1227 1707 1455 1782 BoveS,
1507 1703 1665 1767 aliud
1697 1703 2102 1781 collectarum,
2143 1702 2330 1779 tribu-

400 1803 716 1878 torumque
745 1814 940 1877 genus
963 1788 1484 1878 Archipraecones
1523 1789 1912 1876 colligebant3
1939 1795 1990 1869 2)
2036 1811 2328 1876 vagorum

404 1901 636 1975 quoque
659 1900 939 1965 pecorum
967 1877 1025 1939 in
1047 1877 1339 1940 aerarium
1365 1875 1662 1964 publicum
1698 1874 2157 1962 redigendorum
2189 1898 2332 1938 cura

402 1962 614 2027 iisdem
643 1963 975 2027 commissa.
1013 1962 1130 2041 Qui
1152 1962 1211 2024 in
1236 1961 1349 2027 hac
1369 1975 1428 2026 et
1447 1986 1518 2025 ea
1537 1960 1799 2025 muneris
1829 1974 1998 2049 parte
2022 1962 2119 2025 lon
2171 1986 2203 2025 e
2229 1984 2330 2024 an-

400 2047 757 2135 tiquissima,
790 2071 864 2110 ex
890 2072 1007 2135 qua
1025 2047 1336 2134 litigantes
1357 2047 1429 2111 ad
1455 2047 1604 2111 diem
1621 2047 1946 2134 praefixum
1966 2047 2026 2109 in
2039 1984 2327 2135 juficium

402 2134 818 2211 accersebant,
865 2147 925 2198 et
958 2133 1150 2198 edicta
1180 2157 1288 2222 per
1314 2134 1472 2211 sora,
1506 2132 1796 2220 villasque
1832 2132 2172 2221 provinciae
2202 2132 2328 2195 vul-

402 2220 658 2306 gabant,
703 2245 811 2308 per
845 2219 1151 2307 subjectos
1185 2219 1300 2283 sibi
1335 2222 1679 2285 Praecones
1713 2231 1968 2305 egerunt
1997 2217 2265 2306 plurima.
2311 2273 2314 2274 ν

539 2373 586 2447 1)
634 2377 961 2449 Centuriones
1005 2393 1096 2443 per
1134 2384 1324 2443 partem
1360 2377 1591 2428 territorii
1635 2376 1782 2427 castri
1824 2375 1915 2425 sibi
1958 2374 2228 2439 creditam,
2282 2381 2332 2426 et

409 2479 513 2514 rem
548 2463 809 2514 militarem
847 2470 895 2513 et
927 2462 1232 2514 tributariam
1270 2460 1408 2532 (Col.
1449 2463 1483 2513 l.
1523 2463 1562 2513 Ι.
1595 2478 1704 2528 cap.
1746 2458 1842 2512 79.
1887 2461 2006 2527 Reg.
2049 2461 2329 2512 Varadiensi

409 2565 546 2602 num.
589 2543 697 2619 Mt)
739 2549 1096 2615 procurabant,
1144 2556 1193 2599 et
1217 2565 1331 2599 vero
1367 2549 1512 2600 verba
1543 2564 1652 2614 cap.
1695 2547 1855 2598 Caroli
1891 2546 1955 2597 M.
1986 2547 2018 2597 l.
2060 2541 2117 2597 4.
2145 2562 2190 2597 c.
2227 2544 2327 2607 62,

406 2632 503 2686 63.
544 2636 780 2698 „Judiccs
812 2635 1030 2685 minores
1067 2650 1158 2701 per
1188 2643 1421 2686 centenas
1455 2634 1538 2700 jus
1570 2634 1762 2695 dicunt,
1799 2640 1848 2684 et
1874 2631 2050 2683 Comiti
2078 2633 2326 2684 subsunt“

402 2721 494 2771 sibi
531 2722 714 2788 scripta
752 2721 842 2771 rati
882 2727 1019 2784 sunt3
1076 2737 1168 2786 pro
1206 2722 1298 2772 hac
1341 2722 1470 2772 enim
1513 2720 1798 2771 auctoritate
1842 2734 1928 2769 sua
1957 2718 2192 2784 judicavit
2226 2718 2330 2769 Co-

403 2806 523 2856 daba
562 2808 795 2857 Centurio
838 2822 988 2872 super
1016 2806 1204 2857 duabus
1244 2807 1441 2869 marciS‚
1477 2807 1596 2872 Reg.
1635 2806 1807 2856 Varad.
1844 2797 1984 2855 264.

468 2940 470 2942 ,
536 2895 582 2954 2)
635 2893 753 2957 Reg.
794 2893 903 2942 Var.
938 2908 1074 2942 num.
1111 2889 1251 2942 258.
1311 2893 1511 2954 „Bosur
1555 2891 1961 2956 Archipraeco
1993 2888 2324 2950 BekesiensiS,
2359 2910 2362 2911 ⁷

403 2979 520 3029 dum
560 2984 769 3044 poneret
807 2978 1023 3028 rationes
1055 2992 1112 3027 ex
1142 2978 1498 3028 consuetudine
1537 2978 1613 3028 sui
1644 2976 1815 3038 officii,
1842 2976 1925 3026 vde
1961 2975 2122 3027 bobus
2161 2975 2325 3041 regiiS‚
2369 2971 2373 2975 ’

402 3064 520 3116 dixit
550 3080 602 3114 se
633 3080 659 3114 a
688 3063 878 3114 Joanne
918 3062 1166 3113 Praecone
1205 3063 1265 3114 de
1302 3063 1407 3113 villa
1446 3063 1630 3113 Scevest
1672 3069 1881 3127 quatuor
1919 3061 2068 3113 boves
2106 3061 2325 3111 nondum

402 3150 713 3215 accepisse.“

991 3319 1060 3381 d)
1103 3321 1178 3366 De
1220 3318 1496 3379 Praefecto
1543 3312 1714 3368 Urbis·

571 3463 638 3523 ln
699 3471 927 3547 partem
988 3458 1237 3546 denique
1301 3483 1574 3524 curarum
1635 3458 1888 3524 Comitis
1963 3452 2323 3544 parochiani,

404 3543 722 3608 secundum
785 3546 1211 3623 castellanum,
1285 3546 1442 3630 juvit
1498 3546 1674 3610 etiam
1734 3541 2151 3607 Praefectus
2213 3563 2321 3604 ur-
