2384 3886
1929 209 2051 265 377

129 369 175 410 et.
203 361 338 426 pasci
369 362 417 410 in
454 361 594 426 sylvis
627 360 936 419 Castrorum,
986 360 1066 409 ubi
1097 361 1181 410 alii
1211 361 1354 425 porci
1386 361 1444 410 de
1476 359 1722 425 provinc-ia
1754 375 1843 424 pro
1876 358 2056 409 tributo

139 446 320 496 intrare
350 447 759 512 permittuntur.“

273 534 319 592 5)
365 531 438 580 Ex
467 533 573 596 lege
603 531 946 594 Hungarorum
978 530 1119 579 citata
1150 531 1284 581 alias,

271 618 317 677 ⁶)
363 617 463 664 Vox
511 614 1035 680 Quinquagesimarum
1068 615 1315 679 primum,
1367 616 1498 681 quod
1548 617 1724 675 sciam,
1770 616 1818 665 in
1857 622 1946 664 art.
1999 612 2054 664 3.

139 695 301 750 1444
344 700 582 762 occurrit;
642 707 716 748 est
754 705 918 748 tamen
959 715 1080 748 usus
1129 700 1271 764 (ἠως,
1330 702 1498 765 reique
1525 740 1536 762 ,
1601 717 1744 766 quam
1799 700 2055 765 significat,

136 786 292 835 multo
325 785 594 850 antiquior,
644 790 769 834 teste
800 784 926 849 Dipl.
971 784 1095 835 Lud.
1131 786 1190 835 de
1221 802 1266 835 a.
1306 783 1463 836 1359
1500 785 1608 855 (IX.
1652 804 1696 835 v.
1735 782 1789 836 3.
1822 802 1872 850 p.
1913 783 2056 847 159)

130 871 279 920 Festa
317 871 632 920 pentecostes
667 869 1215 935 Quinquagesimae
1251 872 1395 921 ferias
1427 871 1651 921 dixerunt
1676 878 1882 920 veteres.
1914 871 2058 929 Quod

131 956 201 1016 si,
236 963 290 1006 ut
332 956 431 1005 veri
463 963 537 1005 est
569 955 894 1016 simillimum,
940 956 1101 1020 portio
1132 957 1219 1006 illa.
1241 973 1433 1018 rerum,
1468 963 1551 1007 aut
1581 970 1760 1006 census
1792 956 1834 1005 is
1865 957 1924 1006 ad
1956 956 2059 1005 dies

126 1042 218 1091 has
259 1041 553 1103 debebatur3
619 1046 854 1106 quantum
894 1041 1090 1106 quidem
1131 1043 1190 1092 ad
1227 1042 1442 1092 nominis
1486 1042 1761 1092 rationem:
1826 1042 1947 1091 haec
1988 1042 2057 1091 sic

134 1126 254 1176 satis
286 1126 335 1176 in
366 1133 565 1192 promtu
597 1133 744 1176 esset.

128 1381 190 1442 b)
231 1382 326 1427 alii
359 1382 505 1427 incra
540 1377 677 1438 fines
712 1383 965 1429 territorii
1003 1383 1310 1429 Castrorum
1344 1386 1659 1444 proventu3,
1710 1394 1841 1443 quos
1877 1382 2058 1429 Comes

534 1455 728 1520 Castri,
766 1457 818 1502 vi
849 1458 1104 1518 muneris,
1160 1469 1267 1503 non
1291 1457 1661 1518 participabat.

298 1593 632 1672 Tributa,
695 1595 1028 1682 speciatim,
1066 1619 1217 1682 quae
1266 1595 1340 1659 ab
1382 1595 1775 1671 UdvarniciS,
1822 1592 2060 1657 Servis--

130 1678 433 1766 queregiis
483 1692 543 1743 et
586 1681 963 1766 reginalibus
1008 1694 1103 1745 ter
1138 1681 1198 1743 in
1239 1705 1416 1745 anno:
1479 1680 1540 1744 in
1583 1679 1893 1745 nativitate
1935 1682 2060 1742 Do-

128 1765 287 1842 mini,
324 1763 646 1852 paschate,
695 1779 753 1829 et
787 1766 861 1829 ab
897 1766 1207 1855 apotheos}
1242 1766 1531 1854 Stephani
1571 1766 1645 1830 ad
1679 1767 1897 1831 festum
1932 1768 2060 1864 ejus

130 1850 612 1998 colligebantur,
683 1851 743 1913 in
783 1853 1100 1916 vernaculo
1149 1855 1410 1940 Urpenz.
1450 1861 1496 1933 1)
1547 1858 1777 1916 Horum
1826 1874 2061 1914 nomine

127 1960 259 2024 pon
319 1959 436 1998 era
497 1960 731 2023 quoque
777 1937 1266 2024 intelligebantur
1308 1962 1415 2026 per
1457 1939 1831 2003 Udvarnicos
1876 1950 2061 2001 terra-

130 2021 215 2108 gii
272 2020 531 2108 depensa
566 2021 779 2101 titulo,
833 2036 893 2086 et
945 2023 1098 2109 quod
1140 2037 1453 2111 praeterea
1497 2024 1745 2086 mutatio
1791 2034 2061 2085 monetae

131 2105 415 2170 reddebat
456 2107 701 2170 lucrum.
766 2108 1080 2173 Cibriones
1121 2109 1261 2173 item
1310 2134 1345 2171 a
1380 2109 1617 2172 Csiibiir
1653 2109 1971 2171 vernaculo
2008 2113 2060 2186 2)

133 2215 242 2255 seu
275 2191 499 2269 eubuli,
556 2193 761 2278 magni
804 2194 1001 2257 eubuli
1034 2195 1184 2271 vini,
1230 2196 1413 2279 vulgo
1450 2194 1593 2257 Aks'»
1636 2202 1874 2275 (urna),
1912 2216 1948 2255 a
1975 2192 2061 2254 vi-

129 2277 260 2342 neis
290 2277 480 2363 regiis
505 2277 578 2341 ad
606 2278 919 2365 paenarias
946 2282 1179 2365 Regum
1215 2281 1397 2343 cellas
1434 2279 1773 2344 conferendi
1806 2279 1904 2366 qui
1932 2277 2058 2340 fue-

131 2376 303 2441 rant,
368 2375 428 2428 et
454 2361 705 2451 denique
740 2363 963 2442 bove8‚
1031 2366 1102 2429 de
1148 2365 1363 2451 quibus
1422 2365 1688 2429 inferius.
1772 2368 1869 2429 Ex
1940 2362 2059 2442 bis,

134 2448 468 2535 ceterisque
520 2449 984 2514 Possessionum
1030 2452 1325 2537 regalium
1380 2458 1751 2531 (nostrarum
1801 2450 1885 2514 ait
1931 2452 2062 2512 An-

134 2534 309 2599 dreas
346 2538 455 2615 ll.)
497 2535 658 2598 nulla
696 2534 1028 2599 Comitibus
1071 2536 1273 2600 castri
1312 2537 1608 2602 ordinarie
1648 2536 1842 2624 portio
1884 2535 2061 2600 obve-

135 2620 236 2683 nit.
283 2621 453 2697 Quod
494 2633 692 2685 tamen
725 2621 930 2685 Simon
969 2621 1040 2685 de
1077 2624 1254 2685 Keza
1288 2635 1573 2686 testatur:
1634 2624 2062 2687 Colomannum

138 2706 415 2770 Palatino
454 2706 630 2793 regni
665 2730 810 2770 suos
846 2707 919 2770 ad
949 2731 1122 2770 usum
1166 2707 1537 2772 Udvarnicos
1583 2708 1984 2772 concessisse:
2008 2713 2060 2787 3)

135 2791 245 2854 hoc
278 2815 395 2854 non
430 2792 501 2855 de
542 2816 611 2855 eo
650 2805 879 2855 tantum
920 2795 1091 2878 Rege
1138 2816 1247 2856 nec
1291 2797 1420 2880 ejus
1460 2795 1743 2882 temporis
1784 2793 2060 2856 Palatino

137 2877 358 2955 solum,
423 2876 526 2941 sed
573 2877 964 2964 sequentibus
1013 2902 1244 2965 quoque
1278 2879 1579 2966 Regibus,
1627 2904 1736 2944 nec
1765 2879 2059 2942 Palatinis

275 3095 316 3155 1)
362 3093 478 3143 Vide
510 3094 685 3144 Donat.
721 3095 870 3144 Andr.
907 3095 968 3144 Il.
1006 3091 1064 3144 de
1090 3111 1134 3144 a.
1172 3093 1351 3146 1212.
1386 3097 1479 3146 FF.
1511 3113 1551 3146 s,
1577 3094 1827 3160 sepulchri
1857 3095 2057 3152 factam;

137 3179 252 3227 alias
290 3179 405 3227 item
447 3179 610 3228 literas
664 3179 770 3244 ejus
811 3182 869 3230 de
910 3196 953 3229 a.
1003 3175 1191 3242 1214,
1249 3182 1426 3247 quibus
1465 3188 1812 3233 testamentum
1852 3180 2059 3230 Boleslai

139 3264 356 3312 Yaczien.
395 3263 559 3327 Episc.
595 3267 872 3315 confirmat.
922 3266 991 3315 De
1023 3268 1284 3317 vernaculo
1316 3256 1509 3332 Urpenz
1540 3267 1616 3316 lV.
1653 3265 1708 3316 2.
1743 3282 1793 3332 p.
1832 3262 1970 3316 383.

266 3348 315 3415 2)
360 3348 454 3397 Lit.
490 3350 548 3398 dc
579 3366 623 3399 a.
663 3348 821 3417 1270
858 3367 923 3411 „a
957 3351 1203 3402 solutione
1234 3353 1401 3404 tributi
1433 3353 1493 3403 de
1530 3352 1709 3414 vineiS,
1764 3352 1893 3416 quod
1935 3351 2058 3402 Kors

142 3433 334 3483 Cheber
369 3438 627 3484 vocatur.“

276 3518 325 3586 3)
371 3520 494 3583 App.
531 3520 586 3569 C.
622 3520 680 3570 ll.
718 3526 749 3582 §
778 3518 832 3570 2.
