2384 3886
398 185 519 244 158

396 324 578 386 ferme
607 322 678 385 de
700 323 847 385 flore
883 327 1223 397 coenarum,
1269 342 1441 406 quam
1473 318 1543 382 de
1567 318 1816 382 historia
1848 332 2192 406 rogatarum
2225 325 2304 399 le-v
2354 335 2357 341 ’

395 431 537 493 gum
582 407 900 471 continent.
943 412 995 486 5)

531 619 581 689 5)
626 621 703 670 En
741 636 895 670 unum
937 637 995 670 ex
1030 620 1253 686 plurimis
1291 620 1566 686 exemplum
1612 621 1672 670 de
1721 635 1849 670 anno
1888 617 2048 671 1578
2095 628 2308 672 sumtum

396 723 454 756 ex
484 706 647 756 Diario
679 706 853 757 Nuncii
882 706 1018 757 urhis
1048 706 1434 772 Eperjesiensis:
1471 706 1684 767 „Postea
1713 706 1774 755 ad
1805 705 2112 771 splendidum
2143 708 2312 758 convi-

395 792 525 842 vium
544 831 557 853 ,
602 808 698 857 quo
729 808 757 841 a
786 792 1209 842 Reverendissimo
1242 792 1449 842 Domino
1483 790 1868 841 Locumtenente
1900 791 2088 857 excepti
2120 808 2308 853 sumuS‚

397 877 716 938 accessimuS‚
750 878 966 928 omnium
994 877 1273 927 nostrarum
1300 891 1529 950 curarum
1560 883 1608 925 et
1633 877 1966 927 molestiarum
1997 876 2148 939 obliti,
2175 877 2311 943 juxta

396 963 517 1013 illud
532 963 848 1013 Anacreontis
866 963 1042 1013 veteris
1072 969 1245 1028 poetae
1273 962 1457 1027 graeci:
1494 959 1705 1011 bibendo
1736 962 1856 1011 mihi
1884 962 2048 1013 vinum
2079 978 2312 1014 aerumna

400 1049 580 1099 dormit
613 1048 832 1098 omniS.“

1260 1242 1303 1320 §
1345 1243 1446 1302 50.

425 1409 609 1475 Majus
656 1410 839 1460 ferme
885 1409 958 1459 iis
1006 1424 1240 1474 quoque
1288 1409 1346 1459 in
1394 1408 1750 1474 peregrinas
1797 1409 2063 1475 linguae,
2114 1425 2285 1476 quam

1108 1511 1268 1545 suam
1317 1494 1597 1545 studium.

569 1655 671 1718 Ad
709 1653 1100 1719 addiscendas
1136 1654 1376 1740 linguas
1412 1655 1766 1741 peregrinas
1796 1655 2039 1742 ingenio
2070 1655 2225 1719 sacili
2258 1669 2316 1720 et

390 1745 564 1840 juxta
601 1764 731 1804 cum
771 1741 1010 1804 Hunnis
1054 1740 1524 1829 promptissimo,
1571 1741 1707 1804 dum
1744 1738 1882 1804 huic
1915 1741 2119 1813 minus„
2147 1755 2317 1806 caute

397 1828 737 1915 indulgent,
790 1827 918 1913 pari
965 1826 1206 1913 linguae
1255 1826 1607 1890 vernaculae
1660 1827 1919 1902 incuria,
1981 1851 2100 1892 non
2142 1829 2316 1915 plane

397 1915 559 1977 nulla
609 1912 818 1977 deinde
867 1936 1009 1999 pars
1059 1935 1295 1990 eorum,
1351 1911 1551 1982 Slavis
1585 1913 1816 1977 finitimi
1856 1913 1954 2001 qui
1997 1927 2198 1992 erant,
2243 1913 2317 1979 ad

396 1998 509 2063 hos
547 1998 707 2062 abiit.
751 2005 798 2079 ἱ)
2207 2030 2210 2033 ·

535 2217 579 2277 1)
625 2213 880 2264 Tabularia
920 2214 1121 2265 consule
1165 2215 1493 2266 Comitatuum
1526 2216 1832 2283 hujusmodi,
1881 2217 2162 2284 videbisque
2191 2233 2318 2284 gen-

395 2309 524 2363 tem,
575 2316 697 2366 quae
735 2300 943 2366 plurima
983 2301 1133 2366 egerit
1172 2302 1310 2351 factis
1341 2303 1740 2353 memorabilibus
1770 2319 1860 2370 per
1887 2302 2127 2354 Valerium
2161 2303 2316 2354 Maxi-

399 2403 535 2437 mum
565 2386 772 2437 laudatis
804 2387 1116 2446 conferenda,
1151 2388 1387 2453 quaedam
1414 2404 1526 2438 vero
1555 2389 1699 2439 etiam
1719 2389 2045 2450 anteferenda,
2079 2389 2312 2451 studium,

402 2474 534 2538 quod
570 2472 805 2522 Romanis
843 2472 1161 2538 praecipuum
1198 2474 1311 2535 fuit,
1361 2480 1415 2524 ut
1450 2474 1625 2541 latinae
1663 2475 1795 2525 vocis
1833 2476 1994 2525 honos
2024 2490 2113 2540 per
2142 2491 2314 2525 omnes

400 2565 570 2624 gentes
598 2557 919 2607 venerabilior
938 2559 1289 2619 difunderetur,
1326 2559 1450 2623 (ibid
1479 2559 1511 2609 l.
1534 2560 1595 2610 II.
1630 2576 1674 2610 c.
1699 2559 1783 2622 2.)
1807 2560 2003 2626 penitus
2022 2561 2311 2626 neglexisse.

397 2645 551 2694 Verba
586 2650 717 2694 certe
739 2643 904 2693 Velleii
928 2644 1168 2694 Paterculi
1187 2645 1248 2694 Il.
1279 2642 1347 2694 1r1
1362 2643 1415 2694 Ο.
1454 2645 1546 2707 „In
1566 2646 1794 2696 omnibus
1813 2646 2075 2696 Pannoniis
2095 2645 2313 2709 (vixdum

399 2730 613 2779 subactis
645 2745 735 2793 per
762 2729 1060 2794 Augustum)
1091 2746 1192 2780 non
1224 2731 1506 2796 disciplinae
1537 2738 1726 2782 tantum
1757 2733 1922 2793 mode,
1956 2732 2043 2781 sed
2072 2731 2315 2797 linguae

399 2830 595 2879 quoque
618 2814 789 2863 notitia
808 2815 1073 2875 Romanae,
1106 2816 1352 2880 plerisque
1378 2816 1523 2866 etiam
1555 2818 1807 2867 literarum
1838 2833 1957 2867 usus
1989 2823 2037 2866 et
2066 2814 2313 2868 familiaris

397 2900 674 2950 animorum
713 2906 815 2948 erat
853 2900 1171 2949 exercitatio“
1215 2902 1395 2966 scripta
1425 2902 1674 2963 videntur,
1721 2909 1775 2953 ut
1805 2917 1928 2967 quae
1958 2909 2127 2953 nostra
2156 2908 2313 2968 usque

396 2986 456 3036 ad
496 2985 774 3051 superiores
805 2985 897 3034 hos
928 2985 1112 3049 aliquot
1141 3001 1323 3046 annOS,
1365 2986 1414 3036 in
1445 2987 1539 3037 hoc
1569 2988 1900 3052 providentiae
1932 2986 2110 3053 genere
2140 2988 2312 3038 inertia

394 3072 562 3133 fuerit,
608 3070 831 3120 solertiae
868 3069 997 3119 illius
1036 3071 1401 3136 comparatione
1441 3072 1618 3122 clarius
1656 3080 1902 3139 appareat.
1952 3074 2001 3124 Si
2033 3074 2149 3139 quid
2181 3074 2311 3124 enim

395 3157 548 3218 aliud,
590 3157 685 3206 hoc
717 3162 849 3205 certe
883 3151 1196 3206 Sismondius
1240 3157 1389 3220 (Hist.
1425 3159 1511 3208 des
1542 3158 1686 3209 Fran.
1733 3159 1789 3210 T.
1823 3159 1907 3209 111.
1953 3175 2003 3225 p.
2039 3150 2188 3221 451)
2225 3175 2312 3226 ve-

394 3243 602 3293 rissime.
655 3242 787 3302 „Les
831 3242 1095 3291 hommes
1136 3242 1194 3291 de
1233 3258 1325 3292 nos
1358 3242 1498 3308 jours
1541 3252 1752 3309 peuvent
1793 3253 2047 3296 retrouver
2084 3245 2171 3295 des
2208 3245 2314 3294 An-

396 3332 553 3378 cetres
594 3328 750 3393 parmi
789 3327 860 3377 les
899 3327 1083 3377 Francs
1126 3344 1190 3377 ou
1234 3328 1305 3378 les
1347 3329 1568 3389 GauloiS,
1620 3331 1702 3395 qui
1746 3331 2024 3382 habiterent
2060 3331 2106 3380 la
2151 3335 2311 3381 meme

395 3419 550 3475 terre3
584 3413 705 3462 mais
738 3429 793 3462 ce
825 3413 966 3473 n’est,
1000 3429 1093 3478 que
1123 3414 1279 3479 parmi
1311 3430 1450 3476 ceux,
1485 3415 1568 3481 qui
1596 3416 1838 3480 parloient
1859 3416 2084 3477 francam,
2117 3431 2309 3467 comme
2380 3425 2384 3431 “

397 3511 515 3557 eux,
560 3499 699 3562 qu'ils
731 3499 1102 3550 reconnoitront
1133 3499 1218 3549 des
1252 3500 1639 3566 CompatriotS.“
