2384 3886
369 196 493 254 298

369 346 672 420 posterum
709 355 942 418 quoque
983 343 1368 410 statueretur,
1411 345 1478 396 ut
1507 332 1620 396 hoc
1655 333 2067 400 buchariorum
2089 337 2159 402 de
2183 361 2288 425 ge·
2373 370 2377 372 ·

370 418 673 480 neratione
709 418 768 479 in
808 417 1257 503 generationem
1291 431 1617 506 sequantur
1648 419 1919 484 officium.
1949 428 2001 502 2)
2039 434 2045 440 ’
2076 424 2078 428 ’

503 620 550 678 2)
598 617 910 668 Schwartner
946 619 1066 669 lntr.
1110 620 1160 670 in
1201 635 1306 670 rem
1350 621 1450 687 dip.
1496 637 1547 686 p.
1584 616 1724 671 338.
1770 620 1897 670 Alias
1939 621 2111 670 similis
2142 637 2291 687 argu—

369 703 519 753 menti
549 703 714 753 literas
745 705 909 769 magni
939 704 1182 756 Praesulis
1213 706 1359 772 hujus
1389 706 1496 757 vide
1528 706 1596 757 sis
1629 706 1685 757 C.
1719 706 1776 758 D.
1810 705 1894 756 111.
1934 703 1988 755 1.
2020 722 2070 772 p.
2108 704 2205 757 72.
2281 758 2284 762 ,

1208 917 1251 992 §
1298 919 1437 976 101.

1107 1069 1201 1118 De
1263 1069 1564 1118 Servis,

539 1215 619 1278 Hi
634 1218 757 1303 jam
786 1238 905 1278 non
940 1215 1057 1302 ipsi
1083 1216 1277 1296 modo,
1309 1217 1416 1281 sed
1443 1219 1731 1305 conjuges
1760 1216 1956 1295 etiam,
1981 1217 2299 1305 prolesque

369 1301 642 1365 Dominis
665 1302 725 1364 in
763 1300 1038 1389 mancipii
1084 1303 1221 1401 lege
1267 1302 1639 1381 serviebant,
1698 1302 1966 1367 moribus
2009 1301 2294 1403 hungari-

368 1387 571 1450 cisita
598 1399 961 1475 temperata,
1025 1401 1091 1452 ut
1138 1388 1345 1452 hberis
1393 1388 1624 1476 quidem
1674 1389 2110 1453 matrimonium
2144 1387 2295 1450 inire

370 1496 502 1535 cum
537 1471 660 1551 his,
705 1473 823 1535 nisi
854 1473 1040 1537 eidem
1066 1475 1418 1539 submittere
1441 1498 1507 1538 se
1522 1478 1676 1562 jugo
1711 1473 2020 1539 servitutis
2055 1474 2294 1552 vellent,

368 1559 537 1622 nefas
577 1572 767 1635 esset,
815 1572 992 1647 atque
1021 1558 1135 1625 hoc
1164 1585 1237 1624 ex
1269 1561 1439 1623 scitis
1469 1560 1829 1647 reliquarum
1860 1583 1968 1648 per
1996 1563 2296 1647 Europam

368 1644 639 1730 gentium
663 1645 840 1708 isthic
874 1666 1107 1732 quoque
1143 1648 1394 1720 valeret3
1444 1647 1830 1734 quod-tamen
1865 1645 2019 1733 apud
2049 1645 2297 1709 nonnul-

369 1731 461 1793 las
499 1730 710 1793 harum
743 1755 857 1794 usu
893 1731 1104 1818 viguit,
1136 1735 1238 1819 jus
1274 1732 1496 1820 primae
1536 1732 1757 1810 noctiS,
1794 1734 1899 1818 jus
1938 1729 2214 1817 connagii
2249 1738 2296 1812 ι)

370 1817 756 1894 obscaenum,
798 1830 857 1881 et
890 1841 925 1880 a
952 1818 1216 1881 moribus
1255 1822 1713 1905 Hungarorum,
1772 1817 1946 1881 etiam
1995 1816 2132 1880 dum
2177 1840 2298 1879 ma-

369 1901 527 1966 xime
574 1902 815 1966 barbari
855 1902 1258 1982 haberentur,
1314 1905 1778 1980 alienissimum,
1831 1913 2077 1990 ‘semper
2115 1900 2298 1965 herus

373 1987 624 2074 quisque
657 1988 869 2052 horum
910 2001 1079 2051 satus
1119 2012 1343 2075 genere
1370 1989 1694 2054 abhorruit.
1739 1993 2079 2052 Humanum
2107 1986 2298 2062 istud3

372 2073 485 2136 hoc
543 2073 721 2136 etiam
778 2073 947 2137 civile
991 2074 1135 2151 fuit,
1200 2075 1356 2161 quod
1391 2076 1451 2138 in
1499 2098 1807 2139 servorum
1851 2074 1976 2136 nati
2016 2073 2299 2137 conditio-

372 2181 543 2237 nem,
601 2159 653 2221 si
689 2159 891 2237 fidem,
947 2158 1416 2247 industriamque
1460 2161 1711 2225 dominis
1750 2159 1878 2222 suis
1917 2159 2296 2247 probassent,

373 2268 490 2309 non
534 2244 733 2311 oblata
773 2246 996 2323 solum,
1043 2245 1151 2308 sed
1188 2247 1459 2332 quaesita
1495 2246 1670 2311 etiam
1711 2245 1988 2309 ocasione
2025 2269 2095 2308 ac
2129 2245 2298 2332 inge-

373 2329 563 2394 niosis
617 2331 950 2418 quibusque
993 2331 1185 2395 titulis
1225 2356 1333 2419 per
1369 2332 1481 2396 hos
1526 2331 1905 2410 manumissi,
1949 2338 1999 2411 2)
2065 2331 2299 2418 quidam

375 2440 508 2479 cum
547 2417 759 2497 terris,
807 2441 955 2503 quas
982 2418 1284 2495 colebant,
1329 2418 1591 2482 libertati
1617 2418 1865 2495 asserti,
1911 2417 2010 2480 alii
2039 2416 2297 2482 Eclesiis

374 2502 681 2566 lenissima
726 2502 995 2590 obsequii
1035 2502 1370 2567 conditione
1415 2505 1600 2582 cessi,
1665 2503 1901 2591 plurimi
1949 2503 2159 2567 libera·
2193 2502 2297 2566 mi-

374 2588 588 2675 grandi
632 2590 914 2653 facultate
956 2589 1158 2653 donati
1198 2602 1355 2654 sunt.
1390 2597 1442 2673 3)
1508 2594 1676 2674 Haec
1714 2589 1785 2653 de
1822 2588 2060 2665 Servis3
2120 2601 2298 2677 atque

518 2759 564 2829 ι)
609 2762 679 2811 De
709 2762 786 2811 his
818 2769 866 2812 et
890 2762 1002 2828 jure
1032 2762 1262 2812 laxandae
1293 2768 1460 2812 costae
1491 2762 1748 2828 synonimo
1778 2761 1918 2826 plura
1949 2760 2040 2810 cel.
2075 2760 2294 2821 Muchar,

380 2864 426 2896 o.
462 2863 506 2897 c.
540 2847 594 2897 P.
629 2847 690 2896 ΙΙ.
724 2864 774 2913 p.
814 2845 951 2898 192.
1726 2838 1728 2840 ’
2307 2838 2309 2844 ’

512 2929 563 3002 2)
611 2932 753 2991 Quod
782 2933 832 2981 in
863 2933 1061 2998 Regest.
1105 2931 1275 2982 Varad.
1317 2933 1481 2997 Bagha
1519 2933 1657 2993 fecit,
1705 2938 1759 2982 ut
1798 2927 2002 2981 servum·
2033 2947 2176 2982 suum
2215 2947 2300 2981 re-

380 3019 497 3068 dimi
528 3034 618 3084 per
646 3017 1000 3083 Jobbagionem
1032 3034 1176 3068 suum
1210 3018 1335 3067 servi
1364 3017 1493 3067 illius
1527 3033 1754 3068 socerum
1785 3017 2089 3079 admitterem
2126 3017 2299 3067 imitati

382 3111 498 3154 sunt
527 3104 753 3170 plurimi,
792 3103 986 3169 vimque
1018 3103 1226 3169 exempli
1255 3103 1424 3153 habuit
1452 3102 1571 3153 illud
1599 3103 1717 3153 item
1746 3102 1891 3153 Belae
1921 3103 1982 3153 II.
2018 3103 2100 3165 „si
2130 3101 2299 3153 Abbati

381 3190 643 3255 placuerit,
693 3190 810 3240 dent
839 3190 962 3240 filias
991 3189 1186 3250 liberis,
1235 3196 1283 3240 et
1315 3189 1495 3239 ducant
1526 3189 1585 3239 de
1615 3188 1843 3238 liberiS.“

516 3273 567 3346 3)
612 3276 817 3326 Plenum
855 3282 931 3326 est
976 3275 1208 3340 exemplis
1258 3275 1657 3326 manumissionis
1705 3273 1987 3340 hujusmodi
2033 3273 2295 3339 Regestum

384 3362 704 3423 Varadiense,
774 3377 832 3411 ex
881 3376 977 3427 quo
1028 3360 1213 3422 discaS,
1265 3359 1514 3426 improbas
1563 3360 1734 3410 similis
1784 3360 2116 3410 Romanorum
2168 3357 2295 3422 apud

385 3446 528 3497 Dion.
561 3447 773 3497 Halicar.
807 3448 841 3497 l.
874 3448 950 3497 IV.
988 3441 1066 3497 2AE
1097 3446 1398 3497 liberalitatis
1430 3462 1603 3496 causas
1634 3462 1882 3520 nunquam
1916 3442 2315 3509 Hunga1·is‚pla-'

387 3531 580 3594 cuisse3
631 3531 870 3598 intelligas
917 3539 1199 3599 praeterea,
1252 3532 1581 3583 conditionem
1624 3531 2076 3590 manumissorum,
2133 3528 2294 3579 lenem
2377 3557 2384 3565 ·
