2384 3886
425 213 548 270 324

420 349 693 431 Palatino
722 369 951 432 quoque
976 346 1285 409 intendere
1306 344 1547 407 licuisse
1581 367 1715 407 mox
1751 344 2026 407 dicemus.
2064 349 2329 410 ¹Tantum

421 449 616 497 tamen
663 455 852 517 neque
895 431 992 493 hic
1031 430 1328 494 ordinaria
1355 430 1706 493 auctoritate
1749 430 1968 515 potuit,
2029 442 2095 497 ut
2134 445 2331 495 notam

418 517 784 582 infidelitatis
827 516 1014 579 libero
1059 518 1326 603 cuiquam
1367 515 1749 579 adscriberet.
1815 518 1949 577 Hoc
1995 515 2146 578 enim
2176 517 2332 602 judi-

336 614 338 619 ’
421 604 573 666 cium
621 601 841 666 Curiae
875 602 1064 688 Regis
1115 615 1217 664 aut
1268 601 1520 664 maximo
1560 613 1859 664 servatum
1906 599 2017 663 l'uit
2056 601 2330 665 Comitia-

418 692 536 762 tui3
594 685 923 751 sententias
977 688 1120 751 item
1171 687 1242 752 de
1293 688 1426 750 aliis
1478 685 1929 772 quaestionibus
1985 685 2333 774 capitalibus

420 787 627 837 contra
669 772 886 835 milites
940 774 1092 837 latas
1135 773 1345 859 exequi
1396 772 1525 835 sine
1579 770 1942 834 conscientia
1991 772 2182 856 Regis
2233 795 2333 834 ne—

417 860 525 922 fas
547 867 599 940 2)
645 862 878 922 Causae
907 859 1106 946 itaque
1141 857 1474 944 hujusmodi
1506 858 1578 919 ab
1614 856 1994 920 inferioribus
2029 857 2335 920 tribunali—

418 946 531 1008 bus
571 946 642 1009 ad
689 944 926 1008 Curiam
960 944 1146 1032 Regis
1181 942 1430 1030 perferri
1476 942 1794 1016 debebant3
1856 942 1914 1003 in
1951 941 2083 1004 aliis
2121 966 2333 1030 provo-

420 1030 571 1094 catio
596 1030 690 1092 .ad
731 1034 986 1115 Regem,
1050 1029 1103 1091 si
1144 1029 1441 1092 sententia
1480 1028 1593 1091 rite
1632 1028 1753 1090 lata
1791 1040 1991 1105 esset,
2044 1051 2162 1091 non
2204 1027 2333 1091 sine

420 1141 637 1203 poena3
684 1116 837 1201 quod
873 1138 1195 1201 provocare
1257 1127 1318 1177 et
1358 1113 1616 1200 judicem
1650 1112 2129 1200 blasphaemare,
2175 1126 2332 1177 aeta-

420 1203 500 1265 tis
546 1201 719 1288 hujus
760 1200 1044 1276 moribus,
1122 1200 1208 1262 ari
1242 1213 1302 1262 et
1338 1198 1394 1261 in
1428 1199 1631 1262 eodem
1667 1197 1864 1261 delicti
1898 1222 2122 1285 genere
2155 1223 2333 1288 pone—

419 1288 618 1360 batur3
668 1284 773 1350 sed
795 1294 845 1365 3)
886 1286 1041 1373 quod
1130 1298 1294 1349 etrus
1329 1285 1486 1348 filius
1521 1287 1681 1360 Pou,
1727 1296 1884 1348 teste
1916 1288 2184 1370 Regesto
2211 1287 2334 1348 Va-

420 1372 719 1435 radinensi
740 1371 909 1450 fecit,
948 1385 1013 1434 ut
1033 1396 1068 1435 a
1085 1371 1284 1458 judice
1308 1370 1587 1434 inferiore
1614 1370 1856 1434 colonos
1884 1373 2010 1457 ejus
2041 1369 2335 1434 latrocinii

417 1459 749 1546 postulatos
784 1456 854 1520 ad
882 1481 1128 1521 examen
1150 1458 1293 1521 ferri
1324 1455 1630 1522 candentis
1662 1455 1960 1533 mittente,
2006 1455 2079 1519 ad
2106 1458 2335 1542 Regem

415 1556 792 1632 provocaret,
859 1544 989 1606 aliis
1051 1543 1193 1607 item
1234 1543 1430 1606 facere
1488 1541 1776 1620 dominis,
1840 1540 2206 1606 humanitate
2254 1542 2336 1604 le-

416 1654 558 1716 gum
586 1629 1045 1716 hungaricarum
1081 1628 1263 1692 licuit.
1287 1636 1340 1709 4)

551 1812 602 1885 2)
649 1816 700 1866 S.
743 1817 914 1882 Steph.
954 1816 987 1866 1.
1028 1817 1067 1867 Ι.
1112 1833 1220 1883 cap.
1258 1814 1310 1866 5.
1346 1821 1375 1876 §
1400 1812 1463 1876 3,
1503 1813 1556 1864 5.
1600 1815 1766 1865 Bullae
1805 1829 1980 1864 aureae
2010 1821 2101 1863 art.
2137 1809 2192 1862 8.
2226 1810 2347 1872 §L-v

424 1899 518 1962 18,
555 1899 735 1952 1231.
783 1903 870 1952 His
913 1903 1140 1967 congruit
1176 1903 1320 1951 Belae
1359 1902 1435 1950 lV.
1477 1900 1634 1966 privil.
1679 1901 1884 1965 Tyrnav.
1927 1900 1987 1949 de
2018 1898 2130 1964 jure
2170 1898 2332 1963 gladii,

420 1996 473 2037 ut
500 1988 770 2053 loquimur,
815 1989 1042 2037 collatum
1077 1988 1209 2048 „nisi
1240 1987 1416 2038 nobilis
1449 1987 1710 2047 exstiterit,
1745 1985 1884 2051 cujus
1910 1984 2150 2050 judicium
2181 1983 2337 2049 Maje-

421 2073 530 2123 stati
561 2072 738 2137 Regiae
768 2076 1100 2122 reservatur.“
1135 2070 1238 2139 (lv.
1272 2089 1321 2138 p.
1363 2069 1529 2138 132.)

552 2158 601 2225 3)
647 2158 718 2207 Ex
749 2158 1087 2223 antiquissimo
1126 2159 1252 2223 apud
1286 2157 1477 2207 Siculos
1509 2157 1862 2221 Trausylvanos
1894 2162 2075 2205 statuto
2107 2151 2269 2221 (vide:
2307 2169 2332 2203 a

419 2244 615 2309 Szekely
656 2243 855 2293 Nemzet
894 2241 1234 2312 Constitutioi)
1274 2259 1420 2292 causa
1457 2242 1769 2292 haereditatis
1818 2242 2044 2291 siculicae
2065 2279 2078 2301 ,
2146 2240 2187 2289 si
2229 2247 2366 2299 tres·

419 2329 633 2379 florenos
664 2329 924 2394 aequabat,
958 2329 1213 2394 provocari
1242 2329 1302 2379 ad
1332 2329 1513 2394 Regem
1546 2328 1722 2393 potuit.
2095 2387 2108 2402 Ι

549 2417 597 2476 4)
643 2415 786 2464 Num.
831 2412 971 2465 282.
1015 2415 1143 2464 Nihil
1183 2413 1465 2480 hujusmodi
1507 2415 1637 2478 apud
1676 2413 1971 2472 GermanoS‚
2019 2412 2334 2476 Francosque

418 2497 609 2551 feudali'
630 2517 835 2566 pressos
872 2507 1133 2564 systemate
1163 2500 1434 2550 obtinuisse
1464 2516 1522 2549 ex
1553 2500 1744 2564 Meyero
1777 2517 1823 2549 o.
1858 2514 1902 2548 c.
1938 2497 1994 2547 T.
2035 2498 2073 2547 Ι.
2114 2514 2166 2563 p.
2210 2491 2329 2546 467

420 2602 707 2650 cognoscas

685 2765 761 2825 ll.
806 2766 909 2825 De
953 2761 1331 2828 Judicibus
1377 2761 1582 2848 regni
1628 2757 2051 2825 Ordinariis:

793 2928 862 2990 a)
906 2931 1115 2976 Comitis
1156 2931 1347 2977 Curiae
1385 2932 1578 2989 Βορέαο
1614 2931 1946 2975 auctoritate.

1259 3073 1300 3148 g
1348 3075 1487 3131 125.

524 3226 733 3280 Comes
780 3224 990 3275 Curiae
1034 3240 1144 3290 pro
1191 3240 1444 3289 persona
1490 3224 1665 3287 Regiis
1709 3223 1764 3274 iu
1812 3223 1989 3274 Curte
2019 3198 2212 3287 hujus

1199 3310 1531 3374 judicabat3

589 3447 804 3509 Comes
847 3425 1087 3516 Curiae
1108 3445 1375 3530 Regiae,
1437 3444 1590 3532 quod
1643 3433 1907 3530 sigillum
1949 3433 2323 3506 conservavit

420 3529 643 3612 Regis,
722 3553 828 3614 pro
873 3530 1211 3617 praesentia
1257 3529 1448 3615 Regia
1482 3529 1750 3606 habitus,
1796 3526 2076 3617 impedito
2104 3523 2320 3589 idcirco
