2384 3886
389 208 468 265 16

385 344 613 408 Raham
657 356 716 407 et
764 343 1130 418 Rabuceam‚
1185 343 1549 428 regiones,
1596 354 1827 430 partem
1865 344 2065 431 itaque
2109 342 2317 425 totius,
2378 351 2380 354 ’

385 453 500 490 non
565 441 789 503 totum,
859 427 1043 489 Belae
1102 428 1394 489 Notarius
1453 427 1703 508 indicat)
1754 427 2090 503 redierunt3
2157 432 2320 494 intra

383 536 558 598 quem
589 537 697 598 per
724 516 1055 595 Hungaros
1087 535 1391 597 nunquam
1416 536 1561 590 non,
1610 536 1680 574 ac
1705 526 1830 574 tum
1869 536 2134 599 quoque,
2179 515 2318 578 dum

381 599 531 660 Bela
566 601 676 657 lll.
718 608 778 657 et
810 595 1062 658 Andrea
1097 600 1174 658 Π.
1218 597 1520 682 Regibus,
1567 599 1642 660 lis
1678 597 1749 660 de
1783 597 2056 683 partibus
2092 601 2315 678 Caran-

381 683 539 744 tanis
578 679 830 742 maxime
878 680 1175 758 fervebat,
1233 693 1293 744 et
1331 681 1576 767 pacifice
1611 695 1670 744 et
1704 695 1982 767 potenter
2025 683 2311 746 teneban—

380 778 480 828 tur
540 771 604 844 1).
679 764 851 840 Quod
902 762 1083 827 isthic
1132 765 1431 828 delibasse
1481 765 1819 842 suffecerit,
1882 780 1950 830 ut
1999 772 2315 854 appareatz'

381 849 618 912 omnino
646 872 896 936 parvum
931 848 989 911 id
1021 873 1159 913 esse
1195 863 1582 926 momentum,
1631 850 1787 936 quod
1822 851 2000 914 allato
2036 852 2316 938 superius

379 946 735 1020 argumento
763 934 1082 996 maximum
1107 934 1309 998 inesse
1336 935 1560 999 nonulli
1584 934 1943 997 existimant.
1974 941 2133 1013 Jam‚
2159 937 2317 1022 quod

379 1018 683 1104 sequitur,
741 1042 860 1081 non
900 1018 974 1080 ad
1010 1018 1120 1081 hos
1160 1031 1421 1092 tantum,
1470 1041 1620 1101 quos
1657 1019 1855 1102 aliqua
1887 1042 2105 1083 causae
2186 1043 2314 1083 rae-

381 1104 573 1166 sentis
609 1126 750 1165 cura
778 1101 1050 1187 attingit,
1088 1103 1194 1164 sed
1227 1123 1495 1185 quosque
1528 1124 1655 1164 rem
1685 1103 2005 1187 Hungaria
2034 1043 2314 1191 dipliima-

379 1187 559 1249 ticam
598 1188 696 1272 qui
729 1187 1115 1273 profitentur,
1150 1184 1423 1271 pertinet.

514 1371 557 1430 1)
603 1368 693 1417 Hic
731 1369 811 1417 ille
857 1375 934 1418 est
977 1368 1112 1418 Pauli
1158 1369 1332 1419 Ritteri
1377 1370 1507 1434 apud
1544 1370 1791 1421 Farlatum
1830 1371 1958 1436 Illyr.
2001 1372 2129 1421 sacri
2174 1379 2212 1422 t.
2252 1373 2307 1422 V.

374 1469 425 1518 p.
460 1448 602 1503 402.
634 1453 1071 1502 Archidiaconatus
1102 1454 1406 1503 Muracensis
1439 1455 1646 1517 (rectius
1677 1456 2088 1516 Murakozicnsis)
2119 1456 2179 1506 de
2211 1471 2308 1521 quo

375 1538 503 1587 inter
545 1537 826 1602 Episcopos
872 1537 1272 1602 Salisburgenses
1311 1539 1794 1604 Zagrabiensesque,
1848 1555 1906 1590 ac
1952 1540 2062 1590 illos
2109 1536 2308 1605 quidem

374 1622 666 1672 auctoritate
697 1622 951 1671 literarum
984 1622 1147 1671 Caroli
1176 1623 1264 1684 M„
1309 1623 1404 1672 hos
1434 1623 1777 1687 antiquissimo
1808 1623 2085 1690 Huugariae
2116 1625 2308 1689 Regum

367 1706 505 1771 jure,
557 1721 750 1770 usuque
791 1707 932 1756 nixos
976 1706 1206 1756 diuturna
1249 1717 1353 1757 erat
1381 1707 1468 1768 lis,
1502 1722 1593 1771 per
1624 1707 1866 1757 Gentilem
1897 1708 2097 1768 demum
2129 1709 2307 1759 Cardi-

374 1791 536 1839 nalem
587 1790 719 1839 sedis
758 1791 929 1855 Apost.
975 1791 1191 1855 legatum
1236 1791 1300 1840 ita
1333 1791 1518 1856 sopita,
1556 1797 1612 1840 ut
1641 1791 1700 1841 ab
1731 1797 1887 1841 aetate
1917 1792 2175 1858 Augustini
2206 1793 2307 1843 Ga-

372 1876 505 1925 zottii
538 1875 840 1940 (Episcopus
872 1881 977 1925 erat
1003 1875 1367 1940 Zagrahiensis)
1398 1876 1449 1924 in
1471 1890 1710 1940 praesens
1733 1891 1892 1941 usque
1911 1876 2176 1926 Parochiae
2195 1877 2304 1927 illae

371 1959 689 2009 Muracenses
730 1959 780 2008 in
819 1959 1045 2009 Dioecesi
1083 1959 1307 2009 Eclesiae
1347 1959 1495 2024 hujus
1534 1966 1859 2010 numerentur
1896 1961 1947 2010 in
1978 1962 2104 2011 duos
2133 1961 2311 2011 Archi—

372 2044 566 2093 diaconi
602 2043 890 2094 Bexinensis
928 2060 1018 2108 per
1053 2044 1356 2109 provinciam
1395 2044 1729 2094 Zaladiensem
1770 2045 2054 2105 districtuS‚
2101 2045 2307 2095 alterum

371 2135 726 2195 campestrem,
766 2136 1056 2180 montanum
1087 2129 1294 2179 alterum
1326 2128 1492 2179 divisa.

1244 2325 1287 2401 ς
1336 2328 1430 2383 13.

573 2477 895 2526 Axiomatis
927 2477 1069 2526 item
1103 2476 1259 2536 „viri
1291 2476 1697 2526 venerahilis“
1732 2477 2086 2541 explicatur.

538 2622 931 2686 Cornidesius
986 2622 1058 2685 ad
1113 2624 1307 2686 locum
1357 2621 1557 2709 operis
1590 2623 1835 2686 Notarii
1880 2623 2070 2685 Belae
2109 2620 2303 2706 Regis

367 2707 734 2783 „venerabili
772 2707 900 2769 viro
944 2710 1052 2770 N⁴⁶
1100 2707 1240 2792 quid
1302 2705 1691 2794 apellationes
1732 2705 2195 2783 venerabilis,
2242 2718 2301 2768 et

364 2791 732 2854 reverendus
789 2791 1066 2853 differant
1112 2814 1331 2875 magno
1382 2803 1600 2854 conatu
1648 2791 1920 2876 inquirit,
1976 2802 2301 2874 censetque

366 2873 628 2961 epitheto
669 2874 771 2937 illo
797 2873 1338 2961 Archiepiscopum
1369 2876 1462 2937 vel
1499 2873 1679 2936 alium
1718 2874 2003 2962 principis
2034 2874 2096 2936 in
2119 2874 2299 2958 hyer-

364 2959 568 3021 archia
603 2959 832 3044 gradus
869 2958 1059 3021 virum
1091 2959 1423 3044 significari
1457 2964 1521 3038 1).
1567 2962 1702 3021 Hac
1730 2972 1926 3023 tamen
1951 2959 2081 3022 vice
2103 2957 2298 3020 incas-

364 3068 497 3106 sum
527 3044 626 3107 ille
651 3056 880 3107 tantam
908 3066 1148 3129 operam
1172 3043 1472 3131 dependit3
1503 3044 1714 3106 melius
1738 3043 2004 3130 ejusdem
2027 3044 2297 3106 facturus

362 3128 658 3215 pretium,
727 3128 779 3190 si
840 3127 996 3213 quod
1051 3128 1247 3214 magis
1300 3128 1477 3192 etiam
1531 3128 1603 3190 ad
1655 3152 1785 3191 rem
1833 3129 2097 3191 futurum
2146 3137 2295 3202 erat,
2381 3206 2384 3209 ,

502 3317 543 3373 ¹)
589 3315 743 3377 Atque
783 3313 909 3361 hanc
940 3312 1048 3377 ejus
1081 3313 1363 3377 opinionem
1396 3319 1444 3362 et
1476 3312 1830 3361 Schvartnerus
1862 3309 2071 3372 (Introd.
2104 3309 2155 3359 in
2186 3325 2292 3359 rem
2382 3305 2384 3308 ⁴

364 3399 481 3462 dipl.
517 3399 574 3446 T.
610 3398 693 3445 llI.
736 3413 780 3446 c.
819 3395 874 3445 2.
907 3402 953 3456 §.
994 3393 1137 3453 180)
1171 3404 1218 3445 et
1249 3398 1397 3445 ceteri
1430 3397 1802 3459 Diplomaticam
1833 3393 2041 3458 professi
2067 3400 2292 3444 auctores
2382 3447 2384 3471 Σ

364 3482 502 3544 patrii
536 3496 671 3530 suam
706 3482 943 3530 fecerunt.
