2384 3886
1950 210 2029 264 81

966 438 1008 511 §
1055 441 1151 497 15.

103 608 185 659 De
218 616 409 659 onere
438 602 798 673 praestandi
828 617 897 651 ex
927 602 1201 652 moribus
1233 603 1590 654 Hunnorum
1621 618 1727 669 per
1758 602 2035 662 homines

510 701 895 753 conditionis
927 701 1221 751 obnoxiae
1253 708 1624 751 commeatus
1662 751 1663 754 ,

108 920 111 922 ,
263 864 396 942 Qui.
427 863 754 927 communis
813 861 1120 948 colloquii,
1178 875 1282 925 aut
1336 862 1487 925 alius
1536 860 1758 949 publici
1802 862 2034 947 negotii

96 972 304 1027 causa,
343 950 444 1012 vel.
473 949 679 1011 Atilae
702 947 916 1035 jussu,
962 948 1025 1009 in
1061 949 1190 1011 loco
1228 947 1426 1033 aliquo
1464 947 1894 1022 versabantur,
1940 945 2034 1009 his

93 1035 348 1111 incolae,
407 1033 756 1119 finitimique
786 1032 1161 1096 tributariae
1223 1032 1580 1096 conditionis
1646 1031 1745 1116 qui
1810 1043 2036 1107 essent,

95 1131 458 1184 commeatus
485 1172 489 1177 λ
520 1119 748 1205 copiam
794 1117 1683 1190 subministrare-tenebantur3
1723 1128 1846 1178 tam
1882 1116 2036 1178 altas

0 1239 1 1244 κ
38 1247 50 1256 ι,
88 1205 322 1268 radices
367 1208 799 1289 Hungarorum
845 1203 1212 1277 consuetudo
1254 1202 1469 1279 habet,
1492 1250 1495 1251 ν
1518 1224 1669 1287 quae
1701 1208 1842 1280 (nec
1881 1198 2038 1263 enim

0 1339 2 1356 ,
93 1289 378 1368 diffiteor)
414 1288 684 1375 plurimis
716 1288 862 1349 vicis
894 1287 1270 1373 hujusmodi,
1306 1288 1573 1372 locisque
1648 1285 2033 1361 suburbaniS,

95 1398 304 1437 onere
350 1373 740 1437 descensus
783 1372 895 1453 (ita
929 1372 1084 1433 enim
1108 1372 1168 1433 in
1193 1372 1453 1457 legibus,
1501 1369 2038 1457 diplomatibusque

92 1459 318 1535 nostris
365 1469 794 1522 commeatus
838 1458 1158 1544 apellatur)
1222 1456 1490 1544 opressis
1525 1455 1769 1518 exitium
1789 1454 1943 1532 tulit,
1990 1461 2037 1532 1)

91 1540 479 1632 plurimisque
527 1541 665 1606 licet
701 1542 941 1628 legibus
972 1543 1188 1618 vetita,
1226 1541 1411 1604 seculi
1447 1541 1680 1604 demum
1705 1539 1901 1625 quarti
1937 1539 2036 1602 de-

94 1628 226 1692 cimi
247 1627 414 1692 initio
459 1628 693 1705 excisa,
738 1651 858 1691 non
894 1626 1104 1691 evulsa
1141 1640 1251 1690 est.

238 1816 279 1875 ι)
325 1813 396 1862 Ita
429 1812 486 1862 C.
521 1812 580 1862 D.
608 1795 731 1862 VIII.
767 1828 810 1861 v.
838 1810 892 1861 7.
926 1828 976 1876 p.
1006 1809 1145 1862 129.
1181 1813 1567 1877 „possessiones
1588 1811 1867 1876 praedictae
1887 1809 2039 1859 Ecle-

96 1898 198 1947 siae
229 1898 438 1968 fuissent
468 1904 674 1969 propter
703 1897 842 1960 regni
875 1912 1147 1947 convenam
1180 1898 1301 1960 (sic)
1334 1898 1580 1948 desolatae
1613 1902 1752 1945 cet.“

972 2087 1014 2162 g
1063 2090 1157 2144 16.

235 2239 650 2288 memorabilis
681 2238 877 2287 Prisci
907 2238 1105 2297 locus,
1153 2246 1210 2287 et
1241 2237 1681 2291 Kalauziorum
1712 2238 1907 2286 notio.

268 2389 435 2462 Quae
487 2386 737 2448 Priscus
778 2385 932 2447 hanc
971 2385 1033 2446 in
1062 2408 1191 2446 rem
1226 2409 1350 2471 cap.
1379 2389 1456 2446 11.
1499 2390 1540 2464 §
1575 2392 1671 2446 ll.
1718 2383 1908 2460 dedit,
1954 2382 2039 2445 ita

100 2469 351 2532 habent:
415 2472 570 2548 „alio
618 2471 736 2533 iter
785 2470 1102 2546 vertimUS,
1164 2468 1445 2555 scythis
1480 2481 1883 2532 exterorum
1928 2466 2040 2530 de-

100 2554 567 2633 ductoribus,
620 2579 731 2617 nos
785 2555 844 2617 id
900 2555 1099 2617 facere
1131 2555 1518 2641 jubentibus3
1599 2554 2042 2638 congerebatur

101 2662 240 2702 vero
277 2639 451 2702 nobis
481 2662 555 2701 ex
584 2639 734 2701 vicis
766 2652 1161 2712 commeatus3
1209 2663 1316 2725 pro
1359 2641 1658 2707 ¹frumento
1702 2636 2039 2712 cenchrum,

100 2747 208 2809 pro
241 2725 381 2787 vino
411 2724 677 2801 medum,
725 2724 813 2786 sic
842 2725 998 2786 enim
1024 2725 1286 2786 locorum
1317 2723 1546 2801 incolae
1576 2733 1849 2785 vocant.“
1896 2724 2042 2784 Non

101 2809 173 2872 de
202 2809 443 2871 Hunnis
472 2809 598 2885 hic,
648 2833 796 2894 quos
833 2809 1024 2872 omnis
1057 2808 1267 2871 tributi
1294 2808 1723 2871 immunitatem
1754 2807 2042 2870 habuisse

102 2893 469 2956 commodum
528 2893 815 2972 vidimus,
872 2917 1078 2957 verum
1122 2893 1193 2956 de
1242 2893 1549 2956 veteribus
1592 2892 2041 2956 Pannoniarum

101 2978 486 3065 Moesiaeque
536 2979 747 3043 incolis
802 2980 958 3043 bello
1012 2979 1312 3054 subactis,
1361 3001 1695 3042 sermonem
1738 3002 1875 3040 esse
1914 2980 2040 3062 jam

103 3063 385 3159 quisque,
433 3065 666 3149 opinor,
711 3064 1014 3149 intelligit.
1061 3063 1204 3126 Suis
1236 3064 1427 3147 igitur
1456 3064 1699 3150 ineptiis
1730 3062 2038 3149 plaudunt,

34 3169 204 3232 *.‚qu1
253 3170 363 3209 nec
420 3148 767 3225 cenchrum,
827 3172 939 3211 nec
987 3147 1218 3214 medum
1272 3149 1670 3234 hungaricum
1740 3171 1878 3209 esse
1938 3168 2039 3207 vo-

104 3232 376 3294 cabulum
426 3231 826 3310 obtendendo,
881 3232 1148 3319 linguam
1187 3238 1544 3296 Hunnorum
1583 3241 1718 3319 (pro
1753 3232 1844 3292 his
1884 3230 2039 3292 enim

103 3316 479 3379 tributariam
514 3315 672 3378 illam
714 3317 1042 3380 incolarum
1077 3319 1332 3381 classem
1379 3318 1701 3404 accipiunt)
1767 3316 1840 3377 ab
1892 3315 2038 3375 hun-

105 3401 311 3486 garica
351 3401 647 3463 diversam
684 3401 872 3463 fuisse
913 3415 1288 3486 argutantur.
1334 3403 1587 3465 Priscus
1627 3399 1897 3486 Scythas
1937 3423 2038 3462 ex‘

106 3497 367 3547 terorum
427 3484 821 3557 deductores,
885 3509 998 3570 quo
1061 3487 1264 3548 Hunni
1310 3487 1545 3548 nomine
1599 3485 1659 3546 in
1717 3484 2037 3548 vernaculo

1659 3579 1692 3630 6
