2384 3886
0 126 2 153 ι

0 162 26 189 κ

1961 240 2043 297 83

111 375 351 460 scripsi,
386 386 453 436 ut
480 374 733 459 primum
765 393 981 435 noscas
1017 385 1320 436 auctorem
1351 374 1615 453 consilii,
1651 377 1808 462 quod
1842 380 2040 465 Arpa-

26 466 31 469 ’
110 459 242 536 dus,
281 458 467 522 ceteri
497 457 706 522 deinde
729 461 935 518 Duces
962 478 1033 517 ac
1061 457 1155 518 vel
1189 459 1441 521 maxime
1475 459 1527 522 d.
1565 460 1914 558 Stephanus
1946 485 2039 526 se-

20 520 75 539 ,Ἃρ

109 556 329 629 quutus
350 556 464 620 est,
502 542 600 629 qui
625 542 686 608 in
701 544 871 604 Hunt
887 542 1175 603 Paznano
1201 554 1260 604 et
1281 541 1811 639 ipse-Onesegium
1832 545 2041 609 habuit

96 651 314 705 suum,
354 640 415 690 et
449 650 592 690 vero
624 625 738 688 hoc
766 627 1066 710 Majorum
1093 648 1368 703 suorum,
1407 650 1523 690 imo
1554 630 1822 693 universi
1853 655 2036 717 gene-

106 713 192 774 ris
221 711 412 776 nostri
446 711 505 772 in
530 709 932 795 alienigenas,
966 709 1160 773 bonos
1186 709 1349 774 viros
1368 759 1383 788 ,
1420 713 1683 777 studium
1715 716 1891 779 etiam
1917 715 2035 779 filio

34 836 41 841 »ν
106 820 217 860 suo
253 794 594 861 enixissime
637 794 1084 858 commendavit.

975 1016 1017 1091 ς
1065 1018 1164 1074 18.

530 1178 892 1246 legatosque
925 1187 1273 1232 exterorum
1308 1180 1594 1232 studium.

270 1345 466 1429 Hujus
517 1341 661 1406 item
714 1341 908 1405 laudis
955 1340 1161 1405 Atilae
1215 1342 1468 1405 Priscus
1508 1344 1685 1407 testis
1722 1357 1850 1421 est,
1898 1345 2033 1408 duni

101 1429 337 1515 legatos
372 1432 674 1493 Romanos
703 1427 873 1514 equis
902 1438 962 1490 et
997 1426 1258 1488 ferarum
1292 1428 1581 1513 pellibus,
1629 1429 1846 1517 quibus
1879 1433 2033 1515 Scy-

51 1549 53 1553 ·
99 1512 336 1577 tharum
379 1516 586 1600 Reges
633 1512 707 1575 ad
741 1524 1017 1576 ornatum
1058 1524 1404 1590 uterentur,
1450 1535 1559 1599 per
1597 1537 1730 1576 eum
1763 1517 1888 1600 jam
1937 1538 2032 1577 so-

98 1598 246 1676 lum,
281 1601 410 1685 jam
460 1597 638 1662 etiam
674 1619 783 1684 per
820 1596 1088 1683 Scythas
1133 1596 1484 1684 Principes,
1533 1600 1662 1684 ejus
1704 1601 2033 1676 voluntate,

97 1684 443 1747 muneribus
487 1681 827 1769 hujusmodi
886 1694 1133 1746 ornatos
1180 1681 1383 1745 refert.
1436 1685 1660 1769 Neque
1696 1696 1827 1762 est,
1875 1684 2034 1770 quod

96 1767 363 1846 dubites,
389 1767 619 1831 Atilam
644 1765 907 1829 vicissim
938 1790 1127 1830 novas
1162 1780 1222 1831 et
1252 1790 1432 1854 saepe
1464 1791 1653 1831 vanas
1684 1769 2032 1832 occasiones

95 1853 433 1938 legatorum
475 1852 899 1916 mittendorum
949 1850 1369 1938 excogitasse,
1427 1866 1486 1917 et
1529 1853 1604 1916 ad
1637 1877 1783 1917 suos
1823 1876 2030 1918 neces-

93 1938 289 2001 sarios
311 1986 327 2014 ‚
375 1961 525 2023 quos
573 1937 930 2002 liberalitate
972 1937 1280 2024 complecti
1313 1937 1583 2015 volebat,
1630 1937 1741 2001 has
1775 1939 2031 2023 legatio-

94 2044 203 2086 nes
269 2020 589 2098 detulisse3
637 2021 870 2109 quando
914 2035 1233 2108 utrumque
1275 2021 1481 2086 eodem
1516 2022 1671 2110 apud
1698 2027 2030 2108 Hungaros

28 2188 32 2191 ι
93 2129 256 2172 more
287 2107 599 2194 agebatur.

967 2315 1009 2390 §
1058 2318 1153 2374 19.

616 2482 782 2532 Juris
813 2480 1295 2532 administrandi
1326 2495 1492 2531 cura.

263 2647 333 2706 In
381 2643 714 2741 quibusque
767 2657 967 2707 tamen
1002 2643 1270 2706 muneris
1323 2642 1417 2704 sui
1472 2640 1746 2728 partibus
1798 2642 2023 2726 praeci-

63 2751 265 2815 puam
305 2741 365 2792 et
410 2742 629 2794 ceteris
675 2728 941 2814 negotiis
983 2727 1288 2803 omnibus,
1335 2726 1515 2788 etiam
1549 2748 1701 2811 quae
1738 2737 2023 2788 externae

90 2813 432 2877 securitatis
452 2813 816 2900 reipublicae
836 2812 1103 2876 rationes
1139 2811 1589 2897 contingerent,
1634 2811 1925 2896 potiorem
1975 2817 2024 2890 1)

80 2898 241 2983 juris
269 2899 428 2962 inter
455 2923 600 2962 suos
630 2897 858 2962 dicendi
894 2921 1098 2960 curam
1134 2896 1346 2959 habuit
1366 2945 1380 2973 ‚
1426 2895 1702 2982 facilique
1725 2895 2022 2972 omnibuS‚

91 2982 166 3045 ad
198 2983 462 3047 tribunal
497 3007 671 3046 suum
711 2984 901 3062 aditu,
941 3006 1157 3047 causas
1177 2985 1304 3069 jam
1336 2981 1537 3060 soluS‚
1565 2984 1691 3068 jam
1726 3003 1858 3042 cum
1887 2980 2021 3041 Pri-

91 3067 356 3130 moribus
399 3068 697 3155 cognovit.

230 3264 271 3322 ¹)
316 3260 515 3310 Priscus
551 3261 585 3311 l.
620 3277 665 3311 c.
700 3278 808 3327 cap.
835 3262 897 3312 ΙΙ.
930 3267 960 3322 §
987 3259 1082 3313 17.
1115 3222 1248 3311 Atilax
1267 3275 1499 3325 egressus
1528 3258 1828 3308 habitatione
1859 3254 2018 3320 gravis

91 3346 222 3396 vultu
254 3362 368 3396 cum
401 3344 645 3410 Onesegio
677 3347 804 3396 sedit
833 3363 924 3411 pro
955 3347 1176 3396 aedibus.
1210 3347 1301 3395 Hic
1333 3360 1446 3395 eum
1477 3343 1634 3403 multi,
1670 3341 1847 3405 quihus
1879 3346 2019 3388 erant

91 3429 224 3492 lites,
271 3431 496 3481 adierunt
528 3437 576 3480 et
606 3429 712 3495 ejus
737 3430 977 3495 judicium
1010 3437 1328 3495 exceperunt.
1369 3428 1556 3479 Deinde
1590 3427 1793 3475 domum
1823 3423 2021 3488 repetiit

93 3522 139 3565 et
167 3515 485 3567 barbararum
517 3516 735 3580 gentium
767 3516 979 3580 legatoS‚
1025 3516 1107 3580 qui
1138 3516 1197 3565 ad
1229 3530 1282 3564 se
1313 3518 1576 3572 venerunt,
1618 3510 1831 3560 admisit.

1603 3589 1681 3643 64(-
