2384 3886
380 1103 428 1170 Ι.
480 1104 724 1172 REX
775 1102 851 1173 S.
908 1102 1713 1174 STEPHANUS

649 1266 715 1323 ab
748 1287 887 1324 anno
927 1267 1366 1326 1000-1038.

580 1481 682 1544 De
739 1485 1157 1546 coronatione
1183 1523 1185 1526 -
1207 1483 1433 1565 Regia.

284 1659 351 1733 1)
395 1651 919 1716 Vetustissima
962 1664 1163 1715 aetus
1209 1651 1414 1739 hujus
1459 1652 1736 1738 religio.

935 1832 1078 1908 §L

640 1983 941 2033 Solemnia
980 1982 1402 2033 coronationis

216 2134 310 2195 Ex
341 2131 592 2196 formula
623 2154 732 2219 per
762 2132 1143 2218 Sylvestrum
1171 2134 1280 2193 Π.
1296 2129 1673 2209 transmissa,
1711 2129 1965 2219 Stepha-

48 2239 162 2280 nus
199 2217 430 2294 eodem,
483 2240 597 2304 quo
634 2218 889 2281 Carolus
921 2218 1125 2280 calvus
1157 2215 1311 2303 apud
1352 2220 1650 2294 FraneOS,
1699 2219 1844 2281 Otto
1882 2221 1965 2280 M.

49 2303 228 2401 apud
258 2307 624 2379 GermanOS,
694 2302 1034 2367 Vilhelmus
1090 2314 1453 2400 conquestor
1499 2303 1652 2389 apud
1691 2304 1964 2401 AngIOS,

48 2388 302 2451 eclesiae
341 2390 461 2452 ri-tu
494 2396 540 2470 1)
599 2412 649 2451 a.
679 2397 844 2453 1000
890 2388 983 2452 die
1020 2400 1320 2450 assumtae
1360 2387 1420 2449 in
1455 2389 1654 2452 coelos
1682 2388 1962 2487 Virginis

47 2473 342 2559 Strigonii
383 2478 511 2538 Rex
552 2485 870 2538 coronatus
926 2485 1036 2538 est.
1105 2478 1304 2537 Actus
1356 2470 1531 2560 hujus
1582 2474 1729 2552 vim,
1793 2474 1845 2536 si
1892 2499 1965 2537 ex

47 2527 246 2622 verbis
291 2560 619 2647 conceptiS,
666 2572 725 2623 et
759 2561 946 2637 ritus,
992 2583 1106 2645 quo
1137 2559 1572 2646 peragebatur,
1620 2559 1964 2624 cerimonia-

183 2746 230 2815 1)
278 2747 459 2796 Confer
488 2747 547 2797 de
578 2747 680 2796 his:
714 2746 872 2796 Hume
903 2744 1100 2811 History
1131 2747 1186 2795 of
1210 2743 1434 2811 England
1473 2745 1566 2794 vol.
1606 2742 1658 2795 1.
1702 2744 1846 2812 ehap.
1880 2746 1957 2796 IV.

32 2826 75 2892 'ss
99 2829 160 2881 2.
193 2838 322 2897 post.
358 2832 532 2882 Ordar.
565 2832 702 2882 Vital.
736 2849 785 2897 p.
825 2828 962 2882 103.
1010 2832 1335 2897 Malmesbury
1364 2847 1414 2896 p.
1452 2828 1591 2880 271.
1634 2831 1837 2882 Colleet.
1875 2833 1962 2881 des

45 2916 191 2966 Mem.
226 2917 363 2967 relat.
397 2919 424 2967 a
453 2918 598 2967 l’hist.
634 2918 693 2968 de
724 2918 910 2967 France
937 2918 1034 2968 VII.
1068 2934 1118 2983 p.
1155 2914 1252 2978 89,
1289 2915 1386 2966 92.
1423 2916 1582 2967 Carol.
1616 2916 1743 2967 Lud.
1778 2917 1960 2977 Haller,

0 3033 1 3066 g
47 3001 386 3051 Restauration
417 3003 503 3052 der
533 3003 1097 3054 Staatswissenschaften
1138 3005 1192 3053 V.
1228 3017 1335 3068 cap.
1361 3000 1458 3052 91.
1499 3018 1550 3067 p.
1586 2999 1704 3052 283
1739 3009 1787 3052 et
1818 3018 1958 3066 seqq.

0 3081 2 3100 '
47 3086 259 3137 Chausel
306 3102 392 3136 sur
434 3088 480 3136 le
529 3103 665 3138 sacre
719 3089 805 3138 des
863 3088 998 3139 Rois.
1075 3089 1343 3139 Vittiehind
1388 3087 1558 3137 Annal.
1610 3086 1642 3137 l.
1679 3085 1734 3136 2.
1798 3088 1963 3136 Moser

0 3164 3 3170 ’
0 3170 319 3222 Deutsehes
338 3171 652 3222 Staatsreeht.
693 3173 862 3223 Putter
889 3174 1010 3223 Inst.
1038 3174 1137 3239 jur.
1170 3173 1306 3238 publ.
1342 3172 1506 3222 Germ.
1540 3172 1757 3223 Monum
1793 3172 1956 3220 Germ.

0 3232 5 3347 j
45 3255 160 3307 hist.
204 3256 384 3306 Perezii
415 3257 471 3306 T.
505 3257 580 3306 IV.
619 3273 729 3322 pag.
767 3252 888 3307 384
929 3274 1066 3324 seqq.
1105 3255 1220 3309 503
1255 3274 1393 3323 seqq.
1444 3258 1607 3307 Ritum
1637 3255 1958 3306 benedicendi

0 3349 2 3352 ’
49 3348 98 3392 et
135 3342 404 3393 coronandi
442 3342 599 3407 Reges
630 3342 930 3407 Hungariae,
974 3343 1057 3408 qui
1088 3343 1324 3404 obtinuit,
1365 3344 1479 3392 dum
1511 3342 1734 3391 Albertus
1764 3343 1817 3391 V
1852 3340 1957 3391 Dux

47 3426 263 3478 Austriae
302 3428 351 3477 in
391 3428 573 3492 Regem
615 3427 777 3492 Hung.
819 3434 1137 3478 coronaretur
1171 3428 1277 3479 vide
1317 3429 1383 3477 sis
1422 3427 1471 3475 in
1509 3427 1631 3476 Cod.
1665 3426 1792 3492 Dipl.
1828 3427 1954 3477 Hist.

50 3513 190 3587 epist.
225 3513 579 3576 diligentissimi
611 3512 766 3562 Peezii
797 3513 855 3561 T.
889 3513 972 3562 ΙΙΙ.
1013 3529 1062 3579 p.
1098 3510 1218 3563 228
1262 3520 1309 3563 et
1340 3527 1478 3577 seqq.
1580 3586 1618 3627 ἦ.

1495 3595 1568 3645 12
