2384 3886
1900 222 2019 279 lll

987 406 1131 481 §4-

147 557 393 609 Diversa
434 571 663 617 eorum,
713 554 898 620 quiin
929 552 1187 604 Lebedia
1225 565 1678 618 remanserunt,
1727 557 1966 608 fortuna

264 703 382 778 Qui
426 702 488 764 in
537 699 807 763 Lebedia
839 710 1278 775 remanserunt,
1314 700 1563 762 multum
1606 701 1880 764 dissimili
1926 702 2022 764 usi

0 787 3 842 Ϊ
95 798 236 849 sunt
269 786 522 849 fortuna.
567 783 703 847 Etsi
736 805 988 867 namque
1015 805 1135 845 una
1166 781 1575 846 Chazarorum
1616 784 1840 862 tribus,
1892 788 2021 848 Ka-

92 870 256 945 bari,
315 868 474 931 facta
519 891 555 930 a
602 867 850 953 reliquis
892 866 1256 930 Secessione
1297 888 1502 929 eorum
1558 890 1628 929 se
1671 867 2022 952 adjunxerat

93 953 393 1029 societati,
426 951 764 1038 avitamque
796 955 1150 1014 Hunnorum
1167 998 1182 1026 ,
1225 949 1723 1028 Varchunorum,
1768 956 2021 1037 Hunga-

91 1058 410 1120 rerumque
456 1036 686 1121 legem,
742 1058 818 1098 ex
853 1057 969 1120 qua
1003 1034 1114 1097 hos
1149 1035 1211 1096 in
1248 1034 1492 1119 proeliis
1531 1034 1811 1097 ineundis
1857 1047 2021 1098 ante-

93 1119 304 1183 cedere
349 1119 710 1182 tenehantur
761 1126 809 1199 1)
871 1118 1155 1204 amplexi,
1213 1117 1397 1181 rebus
1445 1142 1650 1182 eorum
1698 1118 1857 1182 haud
1902 1142 2021 1182 me—

92 1204 279 1268 diocri
317 1203 445 1266 fore
485 1203 824 1289 adjumento
867 1214 1295 1289 apparuerant3
1353 1201 1512 1265 haud
1540 1203 1726 1266 multo
1760 1215 1902 1290 post
1933 1215 2022 1267 ta-

91 1311 228 1350 men
257 1298 623 1373 compertum
659 1310 775 1349 usu
804 1287 954 1363 suit,
992 1286 1342 1350 accessione
1373 1285 1484 1349 hac
1517 1310 1637 1349 non
1660 1299 1783 1349 tam
1817 1287 2023 1362 robur,

35 1379 43 1384 ’
93 1394 268 1457 quam
302 1371 421 1433 vim
458 1371 858 1435 inconsultam
890 1370 1106 1434 nimiae
1150 1370 1477 1447 libertatis,
1537 1393 1654 1455 qua
1688 1371 1885 1434 tribus
1922 1370 2025 1432 illa

92 1455 468 1541 agitabatur,
512 1455 859 1518 increvisse.
924 1458 1138 1540 Itaque
1183 1453 1417 1530 evenit,
1475 1465 1542 1516 ut
1593 1477 1837 1517 numero
1875 1454 2023 1518 *licet

93 1540 250 1603 aucti
285 1540 380 1602 vel
419 1539 610 1625 primo
650 1540 1129 1602 Pacinacitarum
1164 1539 1409 1624 impetui
1441 1538 1810 1601 retundendo
1841 1538 2024 1624 impa-

91 1647 192 1687 res
227 1636 465 1701 essent,
506 1636 566 1686 et
595 1623 808 1687 cedere
846 1623 1065 1700 coacti,
1102 1622 1202 1685 alii
1226 1645 1445 1685 versus
1477 1621 1789 1686 Persidem
1824 1646 2025 1685 rever-

94 1720 399 1784 terentur,
445 1719 512 1770 ut
548 1707 686 1769 olim
733 1707 1048 1771 obliterato
1085 1705 1323 1770 nomine
1365 1705 1642 1792 proprio,
1702 1705 2025 1770 Saracenis

13 1869 16 1873 .
94 1791 293 1868 mixti,
350 1790 414 1853 in
469 1803 636 1854 terra
683 1793 868 1877 Syria
913 1802 1207 1876 cognatos
1256 1812 1402 1852 suos
1442 1789 1679 1853 infestis
1711 1790 1895 1852 armis
1925 1812 2025 1887 pe-

0 1939 1 1942 ,
90 1888 321 1949 terent3
369 1874 470 1937 alii
494 1874 835 1952 Eleudium,
866 1897 1084 1938 versus
1117 1874 1249 1937 loca
1279 1873 1593 1937 Atelkuzu
1628 1875 2027 1938 Constantino

0 2040 1 2045 η
89 1958 675 2046 Porphyrogenneto
709 1961 1000 2046 apellata,
1045 1969 1555 2021 consectarentur.

227 2145 272 2203 ι)
319 2142 558 2192 Constan.
597 2142 841 2207 Porphyr.
882 2142 943 2192 de
980 2141 1167 2191 admin.
1214 2141 1334 2206 imp.
1377 2140 1507 2205 apud
1546 2139 1767 2191 Stritter:
1813 2139 2027 2200 „Gabari

0 2256 3 2284 ,
91 2242 207 2292 pars
245 2226 490 2291 fugientes
521 2226 582 2275 ad
613 2226 805 2276 Turcos
837 2242 891 2276 se
923 2225 1262 2287 contulerant3
1309 2225 1422 2290 quia
1452 2240 1567 2274 vero
1599 2223 1885 2274 fortitudine
1915 2224 2028 2273 bel*-

90 2311 182 2360 lica
213 2317 262 2360 et
299 2310 589 2359 strenuitate
621 2317 734 2359 octo
766 2310 872 2359 aliis
904 2310 1132 2374 gentibus
1162 2309 1478 2374 praestabant
1501 2307 1572 2370 (Ἱ)
1603 2308 1763 2372 iisque
1795 2308 1843 2356 in
1874 2323 2028 2371 proe-

0 2383 4 2466 ξ
90 2395 167 2444 liis
203 2393 585 2454 antecellebant,
635 2393 852 2458 primum
891 2394 942 2443 in
988 2393 1212 2443 tribubus
1250 2393 1416 2442 locum
1459 2392 1840 2442 obtinuerunt.“
1895 2391 2025 2440 Nihil

0 2474 4 2556 ξ
91 2478 185 2528 ista
224 2477 591 2527 Commentario
623 2484 797 2542 egent,
848 2484 905 2528 ut
933 2478 1094 2543 legem
1124 2477 1475 2542 Hungarorum
1506 2478 1681 2527 avitam
1716 2475 2026 2526 Constantini

0 2565 5 2591 *
89 2562 150 2611 de
162 2562 419 2611 formatam
450 2568 734 2625 commento
764 2576 1024 2628 agnoscaS.

983 2754 1126 2829 §a

152 2904 221 2953 ad
260 2903 759 2969 adstringendum
801 2904 1104 2955 vinculum
1144 2904 1387 2954 unionis
1425 2903 1689 2954 tribuum
1727 2903 1972 2969 profuit.

0 2923 7 3056 k
262 3052 440 3110 Hunc
485 3072 600 3134 ego
651 3049 709 3125 in
755 3049 1028 3113 adversis
1064 3050 1311 3126 fortem,
1359 3063 1419 3114 et
1458 3073 1591 3112 cum
1625 3049 1870 3111 Almum
1901 3048 2022 3109 bel-

92 3132 203 3195 lico
250 3132 484 3208 labore,
543 3133 942 3220 virtutumque
962 3157 1205 3197 suarum
1225 3135 1507 3198 felicitate
1539 3156 1852 3218 magnum,
1899 3144 2023 3193 tum

7 3233 8 3236 ’
90 3240 234 3280 vero
257 3215 590 3293 Eleudium,
627 3218 907 3293 consilio,
956 3218 1284 3295 industria,
1333 3217 1741 3301 modestiaque
1773 3238 1892 3278 non
1918 3215 2023 3276 mi-

93 3324 298 3364 norem
335 3299 537 3374 vide03
585 3301 819 3385 quando
855 3303 1115 3365 oblatam
1146 3303 1293 3379 sibi,
1340 3325 1448 3388 per
1483 3301 1835 3384 Chaganum
1868 3297 2023 3361 Cha-

95 3407 402 3461 zarorum,
449 3384 749 3470 Principis
799 3385 1206 3471 dignationem
1249 3387 1700 3468 clientelamque
1742 3383 2022 3469 depreca-

0 3526 9 3554 z
92 3481 220 3547 tus,
267 3481 571 3532 auctorem
605 3481 984 3554 actoremque
1020 3493 1088 3533 se
1123 3471 1501 3557 praecipuum
1546 3469 1778 3553 gessit,
1840 3480 1905 3531 ut
1950 3466 2025 3530 ad

0 3363 12 3524 ἓ

0 3574 16 3886 Ξ
