2384 3886
1897 186 2017 242 367
2126 264 2131 270 '

953 428 994 504 g
1043 432 1176 490 174.

840 593 906 642 de
937 608 998 642 re
1028 594 1276 645 militari

280 760 350 820 In
371 755 503 844 ipsa
524 756 636 838 (ita
659 757 804 820 Otto
828 780 875 818 c.
904 780 955 820 o.
982 757 1017 819 l.
1037 760 1085 819 Ι.
1118 780 1165 819 c.
1191 765 1289 819 31.
1322 757 1652 839 continuat)
1679 759 1868 845 Regis
1896 759 2020 822 acie

0 843 6 850 ‘
110 841 400 930 hospiteS,
429 864 675 929 quorum
688 841 770 904 ibi
784 865 1002 927 magna
1023 842 1191 929 copia
1213 854 1326 920 est,
1356 855 1416 906 et
1430 844 1528 929 qui
1548 844 1699 930 apud
1721 869 1824 908 eos
1847 845 2020 906 Prin-

112 928 273 1025 cipes
311 931 428 1009 (Εὸ
466 926 773 1008 emberek)
813 927 1111 1004 dicuntur,
1157 929 1345 992 latus
1389 929 1749 1016 Principis
1777 929 1857 992 ad
1882 953 2020 992 mu-

110 1011 424 1076 mendum
448 1013 727 1076 ambiunt.
776 1014 1000 1077 Omnes
1026 1037 1214 1110 poene
1235 1016 1376 1077 tetri
1402 1014 1576 1077 tetris
1601 1014 1662 1076 in
1685 1013 1866 1076 armis
1886 1038 2020 1100 pro-

0 1113 5 1120 '
113 1098 346 1176 cedunt,
369 1098 483 1161 nisi
504 1097 664 1196 quod
669 1101 795 1185 jam
818 1098 891 1160 ab
905 1098 1263 1186 hospitibus,
1291 1121 1441 1196 quos
1460 1123 1616 1162 nunc
1634 1099 2021 1163 solidarios

112 1183 390 1261 dicimus,
437 1182 695 1260 educati,
762 1184 855 1246 vel
902 1184 974 1246 ab
1030 1184 1251 1248 eisdem
1284 1197 1460 1247 etlam
1492 1184 1679 1271 geniti
1713 1182 2021 1271 quamdam

110 1293 229 1332 non
261 1270 547 1346 innatam,
595 1269 702 1333 sed
736 1269 907 1356 quasi
933 1271 1306 1333 extrinsecus
1335 1271 1570 1332 affixam
1597 1270 1874 1333 virtutem
1897 1282 2018 1332 tra-

111 1353 342 1432 hentes,
378 1355 690 1442 Principes
717 1367 949 1418 tantum
981 1368 1040 1419 et
1065 1355 1342 1442 hospites
1360 1369 1602 1419 nostros
1631 1355 1687 1417 in
1711 1355 2018 1442 pugnandi

110 1439 344 1526 peritia,
376 1445 794 1528 *armorumque
829 1439 1140 1527 splendore
1161 1441 1480 1505 imitantur.
1497 1449 1542 1521 1)
1588 1440 1851 1503 Primum
1915 1440 2017 1503 ho-

109 1548 241 1587 rum
271 1525 341 1589 de
365 1526 697 1590 Comitibus
725 1526 1025 1614 Principis
1053 1526 1447 1590 ambientibus
1473 1528 1655 1590 latus:
1702 1536 2017 1589 consuetu-

112 1610 304 1674 dinem
344 1624 604 1676 testatur
635 1612 836 1697 gentis
865 1612 938 1675 ab
970 1612 1234 1675 Atilanis
1258 1611 1578 1689 *deductam
1618 1611 2017 1698 temporibus3

110 1700 413 1783 posterius
445 1696 708 1760 nonnihil
758 1698 831 1760 ab
879 1697 971 1760 ira
1028 1696 1244 1775 hahet,
1301 1711 1511 1784 estque
1543 1698 1625 1762 ita
1659 1709 2019 1783 corruptum,

112 1794 180 1845 ut
211 1780 323 1845 hoc
353 1785 497 1847 Otto
534 1806 606 1845 ne
637 1782 1021 1870 popularibus
1052 1782 1286 1869 quidem
1317 1783 1445 1846 suis
1488 1781 1869 1871 persuaserit.
1927 1785 2021 1844 Ex

113 1867 326 1954 quihus
367 1867 744 1934 Horneokius
785 1873 1113 1954 Hungaros
1157 1868 1215 1930 in
1262 1869 1548 1932 societate
1591 1872 2022 1933 Germanorum

0 1951 4 1991 ἶ
111 1976 240 2016 cum
287 1955 572 2018 OttOCaro
623 1961 701 2034 (a.
728 1960 921 2033 1278)
966 1953 1426 2041 depraelianteS‚
1472 1967 1724 2041 utraque
1754 1953 1855 2017 illa
1891 1953 2019 2039 glo-

108 2038 199 2101 ria
218 2041 586 2104 Francorum
611 2038 940 2102 simillimos
970 2037 1130 2103 dixit.
1155 2045 1207 2118 2)

246 2286 290 2347 1)
333 2284 404 2334 Ex
433 2285 505 2336 lit.
537 2286 676 2336 Mart.
709 2285 821 2336 Vice
849 2286 962 2336 Jud.
997 2285 1170 2336 Curiae
1201 2285 1377 2351 Regiae
1410 2284 1508 2348 (VI.
1545 2281 1600 2333 2.
1641 2297 1692 2348 p.
1732 2279 1832 2343 15)
1869 2279 2019 2330 intel-

111 2366 254 2435 ligas:
295 2371 604 2422 medietatem
641 2371 970 2438 amplissimae
1009 2371 1243 2421 dinastiae
1284 2368 1639 2420 Voroskoensis
1676 2383 1767 2433 pro
1810 2381 2015 2432 compa-

42 2492 45 2495 -
111 2456 284 2518 randa‚
319 2457 445 2522 quali
474 2457 690 2507 Barones
719 2457 856 2523 regni
886 2456 1172 2517 utebantur,
1205 2456 1357 2506 lorica
1386 2454 1529 2506 vendi
1560 2452 1856 2519 oportuisse.

243 2574 292 2633 2)
363 2573 467 2623 Von
497 2573 694 2638 Ungern
724 2573 804 2623 ich
834 2573 914 2622 nie
945 2572 1119 2637 gehort

365 2658 545 2708 Weder
575 2674 685 2720 vor,
718 2659 848 2708 noch
880 2658 984 2707 seid

360 2741 452 2793 'Die
475 2743 526 2809 je
558 2745 768 2795 chomen
798 2744 848 2793 in
880 2743 1028 2793 Streit

367 2829 431 2879 So
461 2830 736 2879 menoleich
765 2844 899 2879 wern
930 2843 1153 2894 gewesen
1184 2835 1260 2878 cet

368 2914 431 2979 Sy
460 2915 698 2965 druckten
728 2915 814 2965 hin
844 2914 1113 2964 herwieder

366 2999 422 3049 In
451 3000 563 3050 dem
595 3000 742 3051 Streit
771 2999 1091 3050 hertiohleich

366 3085 447 3134 Als
478 3101 532 3150 sy
562 3086 646 3136 daz
675 3085 1036 3136 Frankchreich

369 3170 542 3220 Hieten
572 3170 776 3220 vechten
806 3171 1019 3236 gelernt3
1066 3171 1197 3235 apud
1236 3170 1335 3237 sig.
1371 3170 1508 3221 Cales
1538 3171 1661 3218 Ann.
1693 3167 1854 3216 Austr.
1890 3163 2017 3214 scri-

114 3266 305 3323 ptorem
336 3255 606 3319 elegantem
637 3271 775 3318 eum,
816 3262 865 3306 et
894 3255 1245 3320 aequissimum
1275 3256 1329 3306 P.
1362 3256 1422 3306 ΙΙ.
1464 3271 1514 3320 p.
1552 3250 1687 3303 557.
