2384 3886
1870 206 1989 263 137

0 336 8 427 Ῐ4
92 359 332 435 recepto
368 350 692 435 Europam,
738 345 895 409 circa
930 345 1107 407 linem
1133 368 1249 409 sec.
1283 348 1425 409 XlI.
1466 346 1526 408 in
1558 350 1822 433 quosque
1866 345 1991 407 vul-

92 444 235 520 gato
265 432 410 495 armi
461 456 623 510 eroS,
669 429 1014 494 Servientes
1049 453 1280 516 quoque
1313 443 1644 494 castrorum
1664 429 1994 516 Johhagio-

92 541 201 580 nes
244 456 549 593 nobiffes3
594 515 864 579 nobiles
909 527 1136 577 tamen
1181 527 1248 578 et
1291 513 1626 579 honestos
1664 514 1994 601 Jobbagio-

93 627 202 667 nes
231 627 349 667 non
374 603 522 666 alios
552 601 839 677 dicerent,
876 623 1048 686 quam
1069 599 1168 685 qui
1200 623 1235 661 a
1263 601 1723 685 generatione
1757 600 1995 676 liberi,

3 696 9 767 f
92 688 506 787 Jobbagiones
541 685 932 762 naturales,
978 697 1081 747 aut
1111 683 1172 746 in
1211 684 1493 748 Ordinem
1519 685 1728 749 horum
1755 685 1997 774 speciali

10 807 14 809 >
94 786 315 846 assertl
358 771 671 860 privilegio
713 782 934 834 essent.
991 769 1295 833 Patebunt
1335 769 1480 833 haec
1520 770 1795 858 deinceps
1835 772 1996 834 lucu-

95 854 330 931 lentius.
383 857 500 920 Hic
533 856 682 920 satis
720 855 802 919 sit
840 878 1048 920 nosse:
1093 856 1424 943 primaevos
1459 854 1753 934 liberos,
1797 855 1857 918 in
1889 855 1997 919 Di-

93 943 447 1032 plomatibus
495 966 613 1006 sec.
663 944 806 1005 X11.
859 941 1154 1029 primoS,
1222 964 1461 1018 veroS,
1518 953 1585 1004 et
1638 942 1998 1005 naturales

94 1027 304 1177 gegni
365 1027 670 1105 nobileS,
730 1033 776 1107 1)
843 1027 1206 1091 naturales
1270 1025 1691 1092 Servientes
1755 1026 1999 1112 regios

138 1137 228 1178 lcl.

235 1330 277 1390 1)
322 1326 544 1392 Exempli
583 1343 754 1378 causa:
797 1327 967 1393 Steph.
1007 1329 1062 1378 V.
1106 1327 1222 1379 dum
1258 1328 1517 1379 Martinum
1560 1329 1619 1379 de
1658 1328 1908 1392 Domonya
1944 1341 2002 1375 ex

94 1411 442 1479 jobbagionatu
481 1413 623 1463 castri
662 1413 710 1463 in
752 1428 1012 1462 numerum
1051 1413 1360 1478 Regalium
1399 1414 1795 1464 Servientium
1840 1419 2004 1462 trans-

98 1499 191 1548 fert
210 1535 223 1558 ,
288 1497 486 1558 statuit,
545 1505 599 1554 ut
647 1498 753 1564 ipse
803 1498 1135 1563 haeredesque
1187 1499 1355 1548 eadem
1408 1500 1718 1564 perfruantur
1771 1498 1993 1547 libertate

102 1586 317 1645 (summa
354 1586 554 1648 nempe)
604 1600 697 1649 qua
740 1583 912 1648 primi,
964 1584 1064 1633 veri
1108 1590 1157 1634 et
1201 1584 1509 1634 naturales
1555 1584 1788 1634 nobiles
1836 1582 2003 1647 regni

101 1668 418 1733 gratulantur.
474 1668 654 1719 Ladisl.
695 1669 770 1718 IV.
810 1668 1047 1719 Jacobum
1086 1670 1144 1718 de
1183 1669 1368 1719 Barach
1416 1685 1658 1719 numero
1705 1667 2035 1725 Nobilium.

101 1753 269 1818 regni
298 1753 571 1818 agregando
589 1791 601 1813 ‚
641 1754 765 1814 vult,
801 1744 863 1803 ’ut
893 1754 1062 1803 eadem
1091 1754 1196 1819 ipse
1227 1760 1276 1804 et
1303 1754 1487 1819 posteri
1516 1755 1734 1804 libertate
1765 1753 2002 1818 gaudeant

103 1854 198 1903 qua
239 1838 318 1888 alii
354 1837 492 1904 puri,
541 1839 663 1899 veri,
722 1846 771 1888 et
807 1839 1170 1889 naturaliter
1206 1839 1440 1890 nobiles
1479 1840 1645 1905 regni
1684 1839 2002 1904 gratulantur.

100 1923 187 1974 His
218 1929 455 1989 concepta
484 1923 641 1975 verbis
673 1930 788 1974 sunt
816 1923 936 1974 aliae
967 1924 1109 1975 etiam
1142 1923 1247 1990 ejus
1277 1924 1443 1975 literae
1474 1925 1531 1975 C.
1553 1924 1611 1977 D.
1641 1926 1695 1975 V.
1720 1921 1776 1976 3.
1809 1939 1859 1990 p.
1884 1916 2003 1974 345

101 2008 335 2074 vulgatae.

6 2339 11 2352 ,
99 2286 185 2365 2)
211 2287 389 2350 Jura
416 2288 753 2350 liberorum
783 2291 1185 2370 (primorum,
1219 2297 1292 2351 ut
1314 2291 1601 2371 deinceps
1622 2288 2006 2363 dicebantur,

315 2407 393 2448 ac
420 2391 806 2451 naturalium
835 2388 1151 2453 Nobilium
1187 2392 1403 2473 requi)
1437 2390 1802 2452 communia.

963 2609 1004 2685 g
1050 2613 1148 2670 29.

508 2789 562 2839 in
608 2788 868 2840 dominio
914 2789 1090 2855 pleno
1136 2805 1331 2841 rerum
1377 2805 1611 2841 suarum

19 3019 35 3053 3
281 2961 636 3033 Liberorum
683 2963 931 3052 quisque
982 2978 1042 3030 et
1090 2978 1386 3030 terrarum
1432 2962 1901 3028 descensualium
1950 2973 2009 3025 et

0 3047 3 3063 ‘
105 3069 522 3135 personarum,
576 3072 891 3137 rerumque
930 3050 1085 3115 bello
1132 3064 1461 3139 captarum,
1508 3062 1610 3114 aut
1645 3071 1818 3113 secus
1849 3047 2009 3133 aqui-

0 3135 5 3168 ²·
105 3133 352 3196 sitarum
385 3133 676 3218 legitime,
721 3137 956 3222 plenum
981 3134 1188 3200 habuit
1224 3136 1567 3213 dominium,
1602 3158 1716 3198 non
1749 3134 1883 3219 lege
1909 3131 2009 3193 ali-

106 3241 221 3304 qua
261 3217 508 3304 scripta,
556 3219 662 3282 sed
697 3220 960 3284 moribus
995 3222 1068 3284 ab
1107 3222 1310 3286 ultima
1345 3222 1552 3309 stirpis
1591 3219 1819 3316 origine
1859 3216 2009 3280 deri-

107 3303 275 3367 vatis.
313 3309 359 3384 1)
417 3305 639 3390 Captos
670 3304 868 3391 itaque
897 3306 1083 3385 bello,
1129 3310 1529 3394 cujuscunque
1559 3302 1893 3391 dignitatis,
1937 3326 2011 3366 ne

245 3522 288 3582 1)
332 3520 438 3572 Lib.
477 3521 514 3570 1.
562 3525 592 3580 §
632 3511 723 3570 14.
