2384 3886
1920 223 1999 279 15

944 412 985 486 g
1034 414 1128 471 12.

537 562 710 612 Notio
742 561 953 611 finium
987 562 1541 621 Caranthauorum3

244 715 333 774 At
372 722 433 772 at
467 708 849 794 interpellant
893 707 1190 782 nonnulli,
1246 707 1415 769 locus
1465 729 1591 792 cap.
1627 710 1699 769 L.
1753 708 2001 784 „Carin-

75 800 330 862 tinorum
388 792 877 856 Moroanensium
944 791 1131 854 fines
1156 839 1172 868 ,
1263 790 1495 853 crebris
1561 790 2004 854 incursionibus

74 881 468 966 diripuerunt,
531 899 782 963 quorum
834 876 1020 938 multa
1066 875 1249 938 millia
1291 875 1354 936 in
1403 899 1507 938 ore
1550 875 1734 961 gladii
1777 877 2003 939 occide-

70 976 212 1033 runt
304 974 365 1025 et
437 961 776 1047 regiones
850 983 1056 1024 eorum
1125 959 1526 1047 possederunt
1570 960 1630 1023 et
1680 982 1873 1045 usque
1944 961 2005 1021 in

71 1047 421 1112 hodiernum
474 1046 630 1109 diem
685 1058 962 1133 potenter
1008 1058 1068 1108 et
1101 1045 1370 1132 vpacifice
1422 1045 1750 1131 posteritas
1802 1068 2007 1107 eorum

22 1195 30 1203 ,
73 1133 338 1196 detinet“
395 1154 504 1217 pro
547 1131 696 1193 Bela
737 1133 816 1192 ΙΙ.
861 1130 1154 1215 loquitur3
1216 1141 1351 1191 nam
1392 1129 1613 1192 finibus
1669 1129 2006 1192 Carintino-

73 1240 232 1292 rum,
289 1215 374 1278 ita
423 1214 539 1290 illi,
607 1215 894 1277 intestino
962 1214 1218 1276 filiorum
1285 1213 1466 1298 hujus
1531 1214 1689 1277 bello
1744 1213 2006 1290 amissiS,

75 1299 218 1363 nihil
253 1298 568 1385 quidquam
635 1322 710 1362 ex
763 1298 875 1359 hac
923 1310 1095 1383 parte
1180 1296 1473 1382 reliquum
1548 1298 1736 1361 fuisse
1760 1347 1776 1375 ,
1851 1297 2009 1383 quod

77 1385 261 1448 Belae
296 1387 406 1445 111.
445 1383 540 1446 vel
584 1386 696 1445 lV.
738 1382 1068 1459 Notarius»,
1115 1404 1223 1468 per
1281 1385 1644 1466 HungarOS,
1690 1405 1836 1468 pace
1866 1382 2008 1445 alio-

74 1491 208 1535 rum
227 1468 422 1532 teneri
460 1467 728 1530 scribere
766 1466 1045 1552 potuerit.
1117 1466 1234 1528 His
1274 1487 1391 1550 ego
1427 1478 1531 1528 aut
1564 1466 1764 1552 potius
1799 1467 2009 1529 Corni-

77 1552 274 1631 desio,
322 1552 538 1649 quippe
587 1551 742 1615 enim
783 1551 898 1614 hoc
951 1574 1186 1637 quoque
1228 1562 1584 1635 argumento
1633 1551 1861 1637 primus
1908 1552 2009 1613 ille

75 1661 226 1701 usus
289 1649 414 1713 est,
461 1659 659 1722 ipsum
687 1636 1104 1699 Cornidesium
1136 1658 1395 1722 oppono,
1429 1634 1529 1720 qui
1559 1658 1670 1697 sua
1704 1636 2011 1699 voluntate

79 1721 378 1798 concedit,
424 1743 620 1806 neque
654 1718 794 1782 huic
833 1721 963 1783 loco
1001 1742 1129 1783 eam
1176 1742 1314 1783 esse
1363 1719 1517 1796 vim,
1562 1731 1630 1782 ut
1674 1743 1794 1783 non
1835 1721 2011 1806 plane

79 1805 447 1870 commodum
500 1803 574 1867 ad
620 1827 828 1867 aevum
872 1804 1158 1867 Andreae
1209 1807 1286 1865 ΙΙ.
1334 1811 1496 1884 (cum
1540 1826 1655 1889 quo
1710 1805 2010 1868 Notarius

77 1903 283 1954 noster
322 1888 692 1975 temporibus
727 1887 938 1952 iisdem
993 1889 1169 1967 vixit)
1219 1887 1376 1951 trahi
1423 1887 1635 1974 possit.
1695 1889 2009 1966 TestibuS,

80 1997 231 2061 quos
264 1974 325 2036 in
359 1973 515 2036 hanc
545 1996 672 2055 rem
715 1972 845 2050 dat,
893 1973 975 2035 nil
1013 1972 1151 2034 mihi
1185 1996 1343 2035 nunc
1384 1994 1561 2059 opus3
1615 1996 1809 2058 neque
1855 1973 2011 2036 enim

70 2062 193 2146 jam
237 2058 336 2121 hic
387 2060 731 2122 Carantana
775 2056 1108 2142 hungarica
1155 2080 1452 2144 peragere
1506 2058 1816 2131 constitui3
1878 2081 2012 2120 cum

80 2143 462 2220 Cornidesio,
510 2165 684 2228 quem
723 2142 1030 2227 ecquidem
1079 2165 1382 2228 nunquam
1445 2141 1654 2220 nimis,
1718 2166 1794 2205 ne
1859 2143 2010 2206 satis

81 2227 316 2313 quidem
349 2227 704 2303 laudaverO,
752 2228 1136 2313 expostulare
1191 2227 1310 2312 fert
1359 2226 1622 2288 animus:
1679 2226 1826 2289 nihil
1877 2248 2010 2290 eum

81 2310 271 2374 virum
317 2335 529 2399 nempe
574 2334 852 2397 gravem,
909 2312 981 2374 de
1027 2311 1287 2397 angulo,
1335 2310 1436 2396 qui
1475 2310 1537 2372 in
1593 2311 1830 2374 extimis
1876 2335 2011 2397 pro-

81 2395 310 2459 vinciae
345 2395 723 2459 Zaladiensis
760 2396 981 2458 finibus
1006 2396 1164 2459 inter
1193 2395 1384 2457 Dravi
1417 2398 1751 2481 Muraeque
1794 2397 2011 2482 ample-

82 2503 195 2542 xus
234 2480 421 2558 ridet,
461 2503 740 2557 curasse,
770 2493 838 2543 ut
876 2503 992 2565 quo
1032 2479 1129 2542 hic
1157 2493 1353 2544 aetate
1383 2480 1584 2542 Caroli
1615 2480 1862 2565 Magni,
1910 2493 2013 2542 aut

82 2563 280 2626 saltim
331 2563 634 2650 Arnulphi
678 2565 1066 2652 Imperatoris
1108 2564 1497 2650 spectaverit,
1545 2565 1883 2627 extricaret.
1927 2603 2037 2631 —-⁷

82 2650 243 2709 Pars
286 2660 416 2711 erat
449 2648 787 2734 provinciae
820 2651 1196 2711 Carantanae
1230 2671 1339 2734 per
1371 2648 1652 2709 Carolum
1692 2652 1776 2710 M.
1819 2648 2012 2710 literis

84 2753 238 2794 anno
292 2738 420 2795 810
475 2731 739 2794 exaratis
803 2738 851 2812 1)
892 2732 977 2795 ita
1029 2731 1286 2808 divisae,
1344 2740 1411 2793 u't
1447 2734 1731 2808 „Dravus
1771 2732 2012 2808 fluvius,

0 2887 1 2896 ἶ
85 2815 185 2900 qui
216 2839 326 2902 per
355 2816 609 2879 mediam
639 2815 797 2878 illam
834 2815 1199 2903 provinciam
1243 2815 1470 2877 currit“
1508 2815 1805 2879 terminus
1849 2829 2014 2880 esset

84 2900 466 2964 Dioecesium
515 2900 903 2963 Patriarchae
943 2899 1353 2986 Aquilejensis
1396 2912 1456 2963 et
1488 2900 1775 2988 Episcopi
1823 2900 2012 2963 Salis-

5 3015 6 3019 *
86 2982 427 3068 burgensis
472 2988 648 3047 Hanc
671 2984 747 3047 ad
776 2985 1023 3048 limitem
1053 2984 1465 3047 Pannonicum
1494 2985 1672 3047 sitam
1709 3008 1841 3047 cum
1875 3008 2010 3048 con-

8 3125 9 3129 ,
85 3067 258 3152 tigua
297 3068 578 3153 regione,
623 3070 953 3146 Arnulqu,
999 3069 1290 3134 beneficio
1324 3068 1534 3155 patriS,
1581 3069 1655 3131 ab
1694 3069 1859 3132 obitu
1892 3072 2011 3130 Ar-

86 3151 231 3212 nulfi
253 3152 532 3236 Hungari
553 3166 912 3239 acceperunt
952 3176 1252 3217 armorum
1273 3156 1433 3239 jure.
1479 3153 1602 3216 Sed
1637 3156 2013 3216 carantanae

86 3233 299 3297 horum
335 3235 622 3312 ditioneS,
667 3250 984 3323 postquam
1021 3261 1164 3324 pars
1198 3239 1261 3299 in
1303 3237 1500 3300 dotem
1552 3238 1707 3299 filiae
1743 3237 1926 3300 Belae
1964 3240 2011 3300 Ι.

89 3318 292 3398 cessit,
338 3318 410 3382 ad
441 3332 818 3405 praesentem
859 3321 985 3384 fere
1014 3321 1249 3385 modum
1292 3321 1533 3402 (fines,
1598 3333 1657 3383 et
1703 3320 1791 3382 sic
1820 3334 1886 3384 ut
1938 3321 2012 3384 ad

229 3505 271 3562 ¹)
316 3504 538 3567 Integras
569 3502 830 3553 Hansicius
863 3504 994 3553 dedit
1024 3506 1073 3553 in
1107 3506 1271 3554 Germ.
1307 3519 1444 3553 sacra
1475 3502 1532 3551 Τ.
1567 3501 1626 3550 11.
1661 3516 1771 3567 pag.
1812 3499 1949 3551 120.
