2384 3886
377 204 502 261 348

378 341 548 406 modo
591 343 839 417 cultum,
884 364 959 403 ne
997 340 1148 403 haec
1193 362 1396 405 eorum
1428 340 1641 426 religio
1670 340 1727 402 in
1766 341 2082 427 Hungaria
2112 343 2288 408 denni-

378 439 611 488 nuatur.
670 426 794 489 Sed
829 425 984 488 enim
1018 438 1079 489 et
1115 437 1291 513 caput
1326 433 1426 490 17.
1468 426 1565 488 lib.
1603 429 1711 487 111.
1748 429 1925 490 Decr.
1967 450 2015 488 s.
2052 429 2200 493 Lad.
2231 442 2291 493 et

378 535 424 572 c.
450 519 550 573 84.
585 509 683 573 lib.
711 516 755 573 1.
794 511 1017 574 Colom.
1051 534 1202 598 quae
1227 510 1401 575 titulo
1435 513 1709 598 professo
1751 511 1822 574 de
1858 512 2046 596 asylis
2082 527 2291 599 agunt,

376 594 633 660 disserte
687 621 795 684 pro
839 619 930 660 me
985 597 1223 660 faciunt.
1269 601 1404 660 Lex
1442 597 1493 661 d.
1533 596 1827 684 Stephani
1859 595 1936 660 de
1962 599 2161 684 asylo,
2207 612 2291 678 ut,

376 682 531 767 quod
582 683 801 757 sentiO,
867 682 1053 746 dicam
1089 682 1263 762 (nihil
1309 685 1463 747 enim
1511 683 1837 770 praecipio)
1878 705 2011 770 par,
2058 683 2293 747 similis—

376 790 490 852 que
532 768 712 832 fuerit
755 772 1017 833 Decreto
1069 769 1271 833 Caroli
1315 773 1399 832 M.
1449 769 1603 855 quod
1648 782 1742 832 est
1800 769 2135 857 hujusmodi
2199 769 2294 847 „si

376 853 511 938 quis
540 855 882 940 confugium
910 855 1120 918 fecerit
1139 855 1196 916 in
1214 855 1539 931 Eclesiam,
1574 855 1772 918 nullus
1801 879 1934 918 eum
1961 853 2032 917 de
2057 855 2296 919 Eclesia

375 962 483 1026 per
506 939 848 1004 violentiam
884 942 1180 1028 expellere
1214 953 1644 1027 praesummat,
1693 940 1799 1004 sed
1823 963 2031 1027 pacem
2058 940 2295 1018 habeat,

374 1048 564 1111 usque
608 1025 744 1089 dum
784 1027 858 1089 ad
896 1027 1176 1114 placitum
1223 1039 1667 1112 praesentetur,
1734 1038 1795 1089 et
1832 1040 2077 1114 propter
2115 1026 2296 1091 hono-

375 1134 500 1173 rem
538 1112 655 1175 Dei
689 1125 1149 1199 sanctorumque
1181 1110 1372 1198 ipsius
1403 1111 1676 1175 Eclesiae
1706 1116 2120 1190 reverentiam,
2158 1136 2293 1176 con-

376 1196 621 1259 cedatur
661 1199 715 1260 ei
757 1197 930 1274 vita,
1001 1210 1062 1261 et
1114 1197 1337 1260 omnia
1387 1198 1716 1271 membra3
1784 1198 2054 1262 emendet
2096 1212 2298 1263 autem

377 1305 617 1346 causam
652 1283 712 1345 in
754 1296 1036 1370 quantum
1124 1283 1372 1359 otuerit,
1435 1297 1494 1348 et
1533 1287 1586 1348 ei
1624 1283 1802 1347 fuerit
1822 1284 2210 1371 judicatum.“
2242 1292 2294 1365 3)

378 1368 695 1432 Consentit
728 1369 879 1432 enim
920 1369 1012 1433 his
1046 1368 1191 1432 ilud
1223 1394 1268 1432 S.
1319 1369 1588 1433 Ladislai
1625 1393 1750 1457 cap.
1793 1374 1838 1432 l.
1878 1370 1976 1434 lib.
2011 1374 2089 1434 11.
2125 1371 2297 1457 „ipse

376 1455 497 1530 fur,
545 1454 658 1517 nisi
706 1455 985 1520 ceciderit
1025 1456 1084 1518 in
1123 1455 1450 1533 Eclesiam,
1499 1456 1959 1542 suspendatur.“
2010 1461 2160 1520 Item
2202 1480 2297 1519 ca-

376 1552 484 1627 put
517 1548 613 1604 17.
645 1541 742 1604 lib.
778 1546 888 1604 111.
930 1541 1023 1619 „si
1074 1542 1237 1605 fures
1283 1541 1355 1605 ad
1397 1543 1695 1606 Eclesiam
1745 1542 2150 1628 confugerint,
2202 1566 2297 1605 se·
2381 1595 2384 1599 .

379 1649 492 1711 que
531 1625 799 1691 insontes
835 1628 1119 1705 dixerint,
1156 1626 1378 1714 judicio
1421 1629 1667 1715 (placito
1702 1628 1901 1691 Caroli
1932 1632 2046 1709 M.)
2082 1628 2297 1692 sistan-

377 1723 478 1774 tur
513 1740 527 1786 ;
624 1715 885 1777 confessi
944 1714 1166 1776 crimen
1218 1714 1382 1799 lege
1449 1715 1500 1778 d.
1571 1713 1917 1801 Stephani
1983 1727 2299 1778 serventur

377 1797 788 1874 incolumes3
840 1800 933 1862 sin
970 1823 1148 1862 secus
1173 1799 1260 1862 rei
1292 1799 1657 1888 comprobati
1683 1799 1927 1874 fuerint3
1999 1813 2298 1864 contuma-

380 1883 506 1947 ciae
543 1884 776 1949 illorum
813 1885 955 1948 nihil
995 1910 1065 1949 ea
1099 1886 1159 1947 in
1192 1886 1490 1948 Eclesiam
1530 1885 1676 1972 fuga
1715 1886 2078 1972 sufragetur.
2125 1887 2298 1950 Colo-

379 1992 631 2033 mannus
664 1972 836 2057 leges
873 1971 923 2035 d.
960 1971 1252 2058 Stephani
1285 1985 1345 2035 et
1376 1971 1646 2035 Ladislai
1684 1975 1899 2059 partim
1927 1973 2298 2060 temperavit,

378 2055 596 2141 partim
623 2057 927 2144 explicuit3
977 2081 1167 2144 neque
1211 2055 1356 2119 nihil
1393 2058 1453 2120 in
1484 2057 1577 2121 his
1610 2081 1843 2144 quoque
1885 2081 1932 2120 s.
1962 2062 2196 2144 Regum
2227 2058 2298 2121 de

379 2142 553 2226 asylo
595 2143 1122 2208 constitutionibus
1165 2142 1300 2219 fuit,
1367 2145 1521 2229 quod
1565 2143 1909 2207 melioribus
1944 2151 2072 2228 jam
2113 2144 2299 2207 seculi

381 2227 475 2289 sui
530 2228 793 2291 moribus
845 2230 1117 2293 consulto
1163 2229 1601 2305 accomodaret,
1656 2242 1758 2292 aut
1792 2229 1987 2292 saltim
2029 2229 2318 2294 definiret·

381 2312 617 2376 clarius.
663 2318 743 2378 Et
775 2310 1026 2402 primum
1067 2314 1299 2402 quidem
1342 2314 1656 2379 humanius
1682 2318 1832 2402 jam,
1904 2338 1974 2378 ac
2019 2314 2093 2378 ad
2131 2316 2299 2414 inge-

381 2402 655 2478 nuitatiS,
686 2402 1122 2489 probitatisque
1143 2402 1305 2466 velut
1329 2402 1639 2487 quamdam
1668 2401 2076 2466 educationem
2103 2415 2301 2490 aptius

383 2485 436 2549 ei
479 2490 701 2550 visum:
757 2512 864 2576 per
919 2488 1208 2552 Comitem
1253 2500 1314 2550 et
1359 2488 1720 2575 Episcopum
1761 2487 2124 2575 interrogari
2168 2512 2299 2576 per-

384 2573 730 2660 contarique
770 2598 934 2651 eum,
999 2574 1095 2660 qui
1138 2573 1196 2636 in
1243 2574 1541 2637 Eclesiam
1585 2573 1984 2659 confugisset,
2042 2598 2114 2637 an
2159 2598 2301 2637 reus

384 2659 795 2746 essetvobjecti
837 2660 952 2733 sibi
991 2660 1293 2723 criminis?
1341 2661 1837 2746 confitentemque
1875 2683 1992 2723 non
2024 2659 2299 2724 mutilari.

384 2745 452 2808 Si
496 2746 669 2809 fateri
708 2746 968 2824 distulit,
1028 2770 1144 2809 non
1177 2746 1395 2810 idcirco
1431 2769 1564 2810 eum
1598 2746 1757 2810 ferro
1792 2769 1928 2809 mox
1958 2745 2300 2821 examinari,

520 2929 570 3003 3)
619 2934 776 2999 Capit.
811 2936 870 2984 de
900 2944 1027 2999 part.
1063 2935 1172 2984 Sax.
1207 2935 1337 3000 apud
1367 2934 1533 2984 Baluz.
1571 2934 1627 2983 T.
1661 2933 1698 2983 I.
1733 2949 1783 2998 p.
1821 2930 1961 2982 251.
2002 2933 2175 2983 Pacem
2208 2932 2302 2983 ha-

384 3020 496 3070 beat
534 3020 658 3070 intra
697 3020 801 3085 ipsa
843 3020 1063 3070 Eclesiae
1095 3020 1239 3079 atria,
1294 3035 1385 3070 nec
1418 3020 1480 3070 sit
1510 3020 1553 3070 ei
1585 3035 1788 3068 necesse
1819 3019 2060 3069 Eclesiam
2092 3019 2297 3084 ingredi.

387 3106 544 3175 Capit.
579 3106 639 3156 ΙΙ.
673 3123 716 3156 a.
754 3102 894 3156 803.
930 3123 974 3155 e.
1011 3102 1066 3156 3.
1099 3123 1149 3171 p.
1187 3102 1326 3155 389.
1385 3106 1518 3154 Idem
1552 3106 1599 3155 d.
1633 3105 1752 3154 Lad.
1794 3105 2013 3155 Eclesiae
2055 3104 2301 3170 Simeghi-

387 3191 490 3242 ensi
530 3192 732 3258 largitur
771 3208 815 3241 a.
866 3189 1024 3242 1106
1066 3192 1192 3257 apud
1234 3192 1420 3241 Katona
1462 3191 1523 3240 H.
1566 3207 1609 3240 c.
1656 3191 1712 3240 T.
1753 3190 1814 3240 II.
1855 3191 2026 3240 Innoc.
2069 3190 2153 3240 Ill.
2186 3205 2298 3239 vero

387 3293 430 3326 a.
471 3276 630 3328 1198
672 3279 800 3344 apud
832 3278 1041 3328 cundem
1073 3284 1304 3327 testatur:
1350 3278 1475 3327 hanc
1508 3277 1622 3326 olim
1663 3276 1897 3330 Eclesiae.
1920 3276 2008 3326 Dei
2046 3275 2295 3339 inung.

389 3365 706 3414 reverentiam
746 3365 927 3424 fuisse,
975 3371 1028 3414 ut
1061 3364 1101 3413 si
1133 3363 1275 3413 etiam
1319 3363 1546 3429 publicus
1577 3363 1700 3414 latro
1732 3362 1792 3412 ad
1823 3378 1956 3422 eam,
2007 3362 2069 3411 ob
2101 3360 2296 3411 tutelam

391 3450 463 3498 sui
503 3450 724 3514 corporis
764 3450 1091 3515 confugisset,
1148 3446 1237 3499 sub
1277 3449 1382 3515 ejus
1414 3449 1707 3498 consisteret
1737 3447 2042 3498 immunitate
2074 3460 2295 3503 securuS,

391 3540 438 3582 et
469 3535 697 3599 quamdiu
729 3535 899 3588 lateret
930 3535 1135 3594 ibidem,
1186 3541 1433 3600 tamquam
1464 3534 1705 3584 innocens
1737 3540 2024 3583 servaretur.
