2384 3886
1956 213 2034 266 21

114 342 180 416 se
233 351 387 439 apud
431 354 700 436 Prayum
740 347 1070 435 reperisse,
1132 373 1204 411 ex
1250 371 1365 433 quo
1412 346 1682 410 didicerit
1722 347 2039 410 Civitatem

113 435 489 524 postmodum
525 433 924 507 Cenadinum,
972 431 1383 495 Chanadinum
1428 431 1673 508 dictam,
1752 431 1867 493 alio
1936 454 2040 493 no—

112 521 268 583 mine
313 520 680 584 Morisenam
721 515 1027 579 veteribus
1069 517 1258 579 fuisse
1299 517 1629 601 apellatam.
1696 519 1830 601 Ego
1873 538 2039 590 vero,

113 619 232 667 n'on
291 604 405 667 dici
447 615 676 688 potest,
723 623 898 686 quam
941 599 1111 663 valde
1149 599 1461 685 gaudeam,
1505 600 1620 661 hoc
1653 599 1795 662 item
1832 609 2038 662 tantae

113 688 368 776 diploma
404 685 680 749 utilitatis
745 683 938 747 nostri
973 683 1152 769 hujus
1201 707 1351 770 opus
1383 706 1522 746 esse
1558 687 1625 745 N
1629 684 1802 746 otarii
1843 682 2038 768 Regii.

111 776 330 857 Neque
372 768 679 832 dissimulo
716 768 1019 845 confiteri,
1066 768 1307 830 venisse
1360 767 1504 828 mihi
1534 767 1604 837 ,in
1647 782 1906 831 mentem
1941 790 2037 830 co-

158 856 339 918 itare:
381 853 575 939 ipsam
615 854 762 916 adeo
803 852 1158 938 Legendam
1196 852 1379 930 hanc,
1426 851 1711 915 scientiae
1747 852 1938 914 civilis
1980 864 2040 913 et

111 879 494 1001 gistoriarum
542 936 1051 1002 distinctissimam
1101 937 1455 1013 luminibus,
1512 936 1764 998 eundem
1815 935 2040 997 habere

112 1035 434 1086 auctorem.
517 1024 736 1086 Demto
805 1022 961 1086 enim
1021 1020 1175 1109 apud
1223 1022 1486 1085 Vionem
1546 1044 1671 1108 cap.
1715 1028 1825 1098 23,
1885 1019 2043 1105 quod

109 1120 248 1194 post
310 1130 527 1169 annum
575 1115 735 1170 1361
799 1105 1093 1192 adjectum
1153 1119 1273 1183 est,
1329 1106 1561 1191 reliqua
1600 1128 1743 1192 pars
1785 1117 2042 1167 aetatem

111 1190 356 1254 Notarii
393 1190 586 1253 nostri
629 1214 772 1277 prae
815 1214 881 1251 se
932 1191 1063 1253 fert.
1136 1190 1298 1274 Styli
1345 1190 1695 1276 simplicitas
1740 1203 1800 1253 et
1845 1188 2043 1275 gratia

110 1274 429 1360 utrobique
461 1274 698 1348 eadem3
747 1297 890 1335 cura
936 1274 1171 1359 priscos
1212 1278 1644 1359 Hungarorum
1674 1297 1873 1337 mores
1907 1296 2039 1359 per—

11 1374 13 1377 ’
113 1359 411 1422 scribendi
459 1381 601 1445 par,
670 1370 731 1421 et
783 1357 932 1420 haec
978 1357 1213 1443 quidem
1276 1358 1571 1442 Legenda
1639 1359 1717 1421 de
1775 1362 2042 1420 Domus

111 1443 411 1528 Regiae,
450 1442 1008 1529 principumque
1038 1445 1310 1504 Domus
1341 1441 1586 1527 hujuS,
1626 1442 2041 1528 provinciae

110 1527 251 1590 item
297 1526 768 1613 significatione,
817 1527 889 1590 de
921 1526 1351 1589 consvetudine
1387 1527 1755 1588 Belliducem
1788 1525 2043 1612 publicis

101 1611 502 1674 comitiorum
546 1611 836 1697 sufragiis
880 1611 1149 1696 legendi3
1208 1610 1324 1673 alia
1370 1634 1550 1697 porro
1601 1611 1939 1697 Episcopos
1984 1622 2043 1671 et

112 1695 391 1759 Abbates
446 1695 544 1763 ad¹
573 1696 768 1758 locum
821 1695 1247 1772 cathedralem,
1313 1695 1375 1756 in
1429 1719 1545 1780 quo
1598 1698 1825 1781 majora
1866 1695 2042 1767 festa,

102 1784 468 1867 junctasque
529 1779 626 1841 his
692 1778 912 1843 Curiae
984 1779 1112 1842 dies
1175 1803 1308 1842 cum
1374 1782 1546 1865 Rege
1608 1779 2043 1864 transigerent,

114 1864 505 1938 convocandi3
567 1864 638 1926 dc
692 1864 1100 1951 promtissima
1160 1867 1593 1950 Hungarorum
1652 1887 1828 1926 sacra
1887 1863 2043 1924 chri-

114 1947 313 2011 stiana
342 1947 666 2035 recipiendi
697 1950 1038 2022 voluntate3
1085 1949 1307 2012 mutuis
1350 1949 1509 2011 inter
1531 1948 1830 2011 Eclesiam
1868 1970 2043 2033 grae-

118 2055 278 2110 cam,
325 2033 713 2119 latinamque,
771 2034 859 2096 uti
897 2056 999 2096 res
1040 2033 1101 2095 in
1143 2033 1434 2119 principio
1475 2046 1634 2111 erat,
1682 2031 2045 2119 germanita—

111 2117 194 2181 tis
237 2117 451 2180 officiis
487 2141 596 2204 per
644 2118 1014 2182 recentiores
1062 2119 1392 2204 scriptores
1451 2118 1690 2181 silentio
1726 2116 2043 2202 neglectIS,

111 2215 401 2289 perpetuo
458 2202 710 2289 denique
760 2202 914 2291 apud
957 2216 1201 2289 gentem
1239 2202 1596 2289 hospitalem
1639 2202 2045 2266 conviviorum

112 2310 255 2363 usu,
310 2288 484 2373 plura
538 2300 598 2350 et
655 2289 811 2350 scitu
849 2288 1128 2374 perutilia
1167 2288 1419 2350 etlectu
1444 2288 1714 2372 jucunda
1763 2286 2044 2350 continet.

113 2374 346 2433 Verum
385 2371 456 2434 de
501 2375 781 2436 Samuele
814 2373 956 2435 Aba
993 2397 1029 2435 a
1058 2372 1254 2456 Regio
1300 2372 1402 2434 illo
1452 2371 1713 2435 Notario
1772 2393 2046 2434 seorsum

114 2455 315 2519 sentit.
360 2458 478 2518 Est
506 2456 696 2542 igitur
735 2457 887 2521 alius
912 2458 1243 2543 Legendae
1280 2455 1459 2542 hujus
1493 2470 1733 2533 auctor,
1780 2455 1886 2518 sed
1924 2453 2044 2541 pie-

115 2551 239 2686 ξω
298 2539 360 2636 in
415 2544 714 2627 Majores,
791 2565 936 2605 cura
985 2542 1047 2604 in
1102 2553 1384 2628 posteros
1445 2542 1598 2605 alter
1652 2541 1807 2605 idem
1863 2539 2047 2603 ferme

186 2635 433 2687 otarius.

988 2856 1031 2931 ς
1078 2857 1175 2914 18.

902 3036 1273 3101 conspicua;

288 3208 575 3294 Ejusdem
628 3210 881 3296 denique
927 3211 1171 3273 Notarii
1218 3234 1368 3296 opus
1407 3223 1503 3273 est
1547 3210 1823 3295 Diploma
1860 3209 2047 3272 Joba-

121 3292 403 3376 gionibus
454 3293 654 3355 Castri
698 3294 1135 3379 Zagrabiensis
1181 3317 1451 3381 campum
1493 3293 1844 3378 Turopolya
1886 3293 2046 3356 inco-

120 3376 382 3439 lentibus
418 3400 572 3439 anno
603 3383 770 3439 1225
796 3379 1094 3456 collatum,
1129 3379 1286 3464 quod
1317 3402 1489 3441 nemo
1525 3399 1822 3462 peraeque
1848 3401 2049 3441 rerum

124 3461 198 3524 ad
236 3474 496 3525 veterem
544 3461 899 3546 Hungariae
934 3475 1155 3526 statum
1206 3461 1580 3526 attinentium
1621 3462 1713 3524 vel
1758 3462 2049 3526 modicum
