2384 3886
370 188 495 247 278

317 385 320 389 ,
370 348 611 413 operum
641 324 1010 400 militarium,
1058 326 1118 386 in
1153 348 1332 387 unum
1370 349 1607 413 pugnae
1643 326 1919 389 laborem*
1942 342 2288 393 reservatos

369 409 928 496 repraesentabant,
946 416 992 488 ¹)
1021 410 1179 472 inter
1204 423 1549 474 castrenses
1574 411 1837 474 rusticos
1859 434 1969 476 seu
1984 413 2204 478 Civiles
2230 427 2291 478 et

369 495 653 559 Ordinem
705 518 736 557 e
779 507 1042 557 uestram
1095 496 1346 582 (primos
1396 509 1455 560 et
1495 493 2288 584 naturales'Jobbagiones)

368 579 566 652 medii3
603 579 677 641 ab
709 579 749 641 il
775 579 827 642 is
858 579 1013 643 enim
1045 580 1411 645 immunitate
1443 605 1689 659 censuS,
1729 594 1788 646 et
1813 582 2109 661 laborum,
2139 607 2290 671 quos

369 665 646 752 superius
690 665 1170 751 percensuimus3
1227 667 1302 730 ab
1347 666 1489 746 hoc,
1528 675 1816 754 justaque
1855 668 2066 732 militia
2110 669 2290 757 inpri-

366 751 478 813 mis
523 750 792 814 nomine:
856 751 1164 815 filiorum
1219 752 1738 840 Jobbagionum
1787 754 2043 834 ⁸castri3
2115 754 2291 819 titulo

366 835 576 900 deinde
609 835 848 900 dominii
876 849 1173 900 terrarum
1204 862 1476 915 suarum,
1510 863 1675 925 quas
1705 840 2043 927 speciatim,
2093 841 2163 903 in
2204 840 2290 903 li-

366 922 647 986 bertate
704 923 1590 1009 filiorum-Jobbagionum
1645 938 2000 1004 tenuerant,
2035 933 2088 1008 2)
2173 949 2291 990 non

363 1008 722 1095 infrequenti
767 1008 1020 1094 denique
1063 1009 1467 1072 Praedialium
1510 1010 1666 1097 apud
1699 1011 2016 1092 latinos33)
2069 1012 2128 1075 in
2159 1035 2291 1076 ver-

363 1095 574 1157 naculo
610 1117 645 1156 a
667 1092 989 1168 descensu,
1035 1116 1208 1179 quem
1241 1095 1457 1158 Comiti
1492 1094 1696 1159 Castri
1727 1098 2142 1183 praestabant,
2176 1097 2293 1161 fili-

365 1203 533 1242 orum
586 1179 1033 1265 Jobbagionum
1091 1180 1499 1251 Kalacsado
1559 1180 1848 1245 dictorum
1901 1207 1974 1271 ap
2018 1182 2293 1249 ellatione

367 1263 910 1351 distinguebantur.
975 1267 1258 1329 Aetatem
1311 1265 1612 1353 degebant
1652 1267 1773 1330 vita
1810 1207 2030 1356 frugaiii
2075 1283 2136 1334 et
2170 1290 2292 1334 mo-

364 1350 531 1428 dica,
590 1350 870 1437 nullaque
923 1351 1402 1437 magnificentiae
1446 1376 1763 1439 rerumque
1787 1355 2105 1422 afluentiae
2131 1379 2292 1434 cura,
2365 1351 2377 1364 ’

362 1433 469 1499 sed
519 1435 631 1499 hoc
669 1435 865 1522 magis
905 1449 1045 1524 apta
1090 1436 1165 1501 ad
1200 1437 1258 1501 id
1306 1438 1743 1525 assequendum
1799 1440 2018 1506 virtute
2053 1448 2136 1523 ⁴),
2226 1455 2293 1506 ut

364 1521 601 1609 plurimi
648 1545 852 1585 eorum
909 1520 1093 1586 rebus
1132 1522 1288 1587 bello
1322 1521 1559 1588 sortiter
1625 1525 1850 1610 gestis,
1927 1551 2036 1616 per
2087 1525 2176 1592 Re
2226 1552 2292 1592 es

361 1631 480 1671 una
524 1631 656 1670 cum
699 1607 1189 1695 possessionibus
1231 1609 1359 1672 suis
1412 1609 1730 1673 conditioni
1775 1611 2030 1677 filiorum
2060 1612 2182 1678 Job
2227 1637 2293 1678 a-

360 1693 606 1781 gionum
657 1694 911 1770 exemti,
976 1694 1035 1756 in
1084 1694 1369 1759 Ordinem
1433 1718 1838 1783 procerum,
1918 1698 2291 1764 altiorum-

499 1974 543 2034 1)
587 1972 704 2021 Vide
735 1973 804 2021 sis
834 1972 1000 2037 Veget.
1033 1973 1094 2022 ΙΙ.
1133 1972 1187 2023 7.
1221 1973 1282 2022 ad
1312 1974 1488 2035 finem3
1530 1973 1710 2024 Caesar
1740 1973 1800 2023 de
1829 1973 1958 2024 bello
1985 1974 2086 2025 Civ.
2112 1974 2152 2028 1.
2189 1973 2287 2027 75.

361 2058 445 2108 111.
489 2054 586 2108 88.
633 2057 796 2107 Livius
834 2057 934 2107 VII.
981 2056 1035 2108 7.
1084 2057 1208 2107 Plin.
1242 2074 1323 2123 ep.
1363 2056 1459 2119 10,
1497 2056 1592 2120 12,
1637 2055 1715 2109 36
1749 2067 1797 2108 et
1828 2059 2173 2111 Gruterianum
2203 2056 2292 2112 In-

362 2144 521 2194 dicem
552 2159 751 2202 eorum,
785 2158 909 2208 quae
939 2143 1001 2192 ad
1031 2159 1136 2192 rem
1166 2143 1425 2195 militarem
1455 2145 1721 2210 pertinent.

495 2256 546 2327 2)
589 2259 807 2308 Andreas
830 2258 915 2309 III.
949 2275 993 2308 a.
1032 2249 1191 2309 1293
1234 2257 1426 2326 (Kollar
1451 2274 1645 2311 amoen.
1674 2260 1778 2310 Vol.
1803 2257 1858 2309 2.
1892 2276 1944 2325 p.
1968 2256 2079 2330 93)
2110 2260 2288 2313 dictam

358 2353 541 2396 terram
580 2359 697 2394 non
734 2344 793 2396 in
830 2344 1114 2395 libertate
1153 2345 1421 2395 filiorum
1460 2337 1899 2411 Jobbagionum
1929 2345 1997 2396 de
2029 2346 2285 2413 SeepuS,

360 2431 447 2480 sed
486 2446 552 2480 eo
586 2429 722 2495 jure
753 2435 802 2479 et
830 2430 1077 2490 libertate,
1121 2431 1299 2496 quihus
1329 2431 1563 2481 nobiles
1594 2431 1765 2496 regni
1795 2431 1953 2481 nostri
1982 2439 2141 2483 terras
2171 2449 2286 2484 suas

357 2517 714 2582 dignoscuntur
740 2515 1015 2581 possidere.
1064 2516 1151 2567 His
1183 2516 1366 2566 similes
1397 2517 1514 2573 alias
1544 2516 1695 2567 habet
1736 2517 1792 2568 C.
1824 2517 1884 2567 D.
1918 2518 1972 2567 V.
2013 2515 2066 2568 1.
2100 2534 2152 2584 p.
2188 2516 2285 2581 57,

364 2600 504 2652 215.
545 2602 622 2652 VI.
662 2599 715 2651 1.
756 2618 806 2666 p.
843 2595 984 2651 245.
1026 2602 1125 2651 VII.
1163 2600 1218 2652 2.
1262 2618 1313 2667 p.
1349 2599 1490 2654 251.
1531 2602 1631 2652 VII.
1665 2597 1723 2653 [ι.
1762 2619 1813 2669 p.
1853 2598 1989 2664 142,
2028 2601 2165 2655 151.

493 2715 544 2786 3)
590 2715 781 2767 Literae
829 2717 1064 2783 Stephani
1104 2718 1226 2768 Bani
1266 2718 1390 2768 Slav.
1433 2719 1492 2768 de
1531 2734 1576 2768 a.
1615 2716 1774 2768 1255
1809 2715 1913 2789 (IV.
1950 2715 2005 2770 2.
2049 2736 2101 2787 Ρ.
2136 2714 2288 2789 347)
2343 2691 2349 2696 ¹

361 2818 487 2868 quos
516 2802 791 2853 invenimus
828 2818 885 2852 ex
917 2803 1333 2854 castrensibus
1371 2803 1584 2855 indebite
1615 2805 1769 2854 factos
1809 2820 1919 2854 esse
1955 2805 1983 2854 J
1994 2804 2288 2871 obbagio-

359 2904 464 2938 nes
496 2887 684 2939 castri
724 2888 798 2938 vel
836 2887 1209 2950 PraedialeS,
1259 2889 1561 2939 reddidimus
1606 2889 1658 2939 in
1698 2889 1954 2955 pristinam
1991 2889 2283 2953 libertatem,

359 2989 484 3039 quos
513 2988 628 3023 vero
669 2972 941 3024 invenimus
980 2973 1310 3038 Johbagiones
1342 2981 1391 3024 et
1428 2974 1728 3036 Praediales,
1786 2975 1895 3025 illos
1933 2976 1981 3026 in
2028 2982 2157 3028 statu
2195 2993 2285 3028 suo
2377 3034 2381 3038 ,

361 3075 474 3110 cum
504 3058 648 3109 terris
681 3057 784 3108 suis
814 3058 1017 3123 pacifice
1049 3059 1275 3110 duximus
1308 3060 1642 3110 dimittendos

488 3173 540 3243 4)
588 3174 743 3233 Quam
781 3189 843 3229 ne
882 3174 1076 3239 inopiae
1116 3174 1186 3224 rei
1225 3175 1439 3240 agrariae
1478 3191 1649 3225 eorum
1693 3175 1946 3241 adsignes,
1995 3177 2281 3254 memineris

356 3260 665 3310 Dominicum
696 3259 848 3311 filium
876 3259 1080 3311 Csemae
1100 3260 1453 3326 Jobbagionem
1480 3261 1637 3311 Castri
1665 3261 1774 3326 Ung
1807 3260 1934 3330 (VII.
1960 3260 2016 3311 2.
2048 3277 2098 3327 p.
2124 3260 2276 3332 227)

357 3346 488 3395 villas
520 3346 640 3396 duas
671 3345 720 3394 in
752 3345 1069 3411 possessione
1100 3346 1348 3408 habuisse,
1383 3354 1432 3398 et
1462 3347 1730 3412 generatim
1764 3348 2040 3408 „hactenus
2072 3363 2158 3398 eos
2183 3348 2274 3397 ad—

352 3429 586 3494 jumentis
611 3430 856 3483 bonorum
882 3429 1033 3481 fuisse
1059 3430 1347 3492 instructos,
1379 3438 1434 3483 ut
1458 3431 1648 3483 virtutis
1668 3433 1825 3483 officia
1845 3439 2050 3499 possent
2073 3431 2269 3483 obire.“

359 3515 552 3566 Aristot.
586 3515 688 3565 Pol.
734 3515 766 3566 l.
800 3515 898 3565 VII.
939 3532 983 3565 v,
1023 3513 1074 3566 1.
