2384 3886
1963 221 2045 276 49

119 375 260 439 prae
283 353 528 448 reliquis
555 351 946 438 scriptoribus
970 352 1197 413 exteris
1228 353 1523 438 adjuvant.
1556 356 1791 451 Horum·
1811 368 2043 440 postre-

19 468 26 493 ;
116 459 247 498 mus
291 436 576 512 Comitia,
625 459 772 521 quae
810 457 963 495 anno
1000 440 1166 497 1525
1198 435 1258 497 in
1294 438 1518 524 campis
1563 438 2043 502 Rakoslensibus

117 532 327 606 caepta
376 520 780 584 Hatvaninum
826 518 1124 579 translata
1156 532 1325 597 sunt,
1372 523 1566 584 literis
1627 522 1755 584 suis
1790 525 2042 609 comple-

0 648 17 685 -.:
114 628 229 666 xus
280 616 340 667 et
397 604 592 690 operis
644 623 876 664 summa
921 602 1181 664 utilitate
1222 617 1282 666 et
1322 608 1590 691 exemplo
1629 607 1877 693 profuit,
1926 631 2041 692 quo

28 708 32 714 ’
113 689 174 749 in
220 687 550 749 scribendis
609 686 997 748 Comitiorum
1053 685 1258 748 diariis
1315 689 1584 774 praeivit.
1643 699 1687 769 1)
1745 691 2042 754 Gvidotus

114 772 426 856 utriusque
467 783 588 832 tam
626 793 861 846 sacrae,
910 793 1085 855 quam
1121 771 1408 856 profanae
1443 773 1587 858 reip.
1627 775 1687 835 in
1725 776 2043 860 Hungaria

113 878 259 918 aevo
290 853 584 917 Ludovici
610 857 687 914 Π.
714 866 938 916 statum
968 878 1090 916 non
1125 854 1338 917 minori
1371 858 1649 934 solertia,
1697 882 1873 943 quam
1910 883 2042 922 eru-

111 938 331 1001 ditione
366 950 782 1022 repraesentat
812 937 1163 1023 perinsigni.
1209 945 1261 1017 2)

243 1148 290 1220 1)
335 1151 557 1215 Epistola
589 1152 772 1215 scripta
803 1151 963 1200 italice
995 1151 1056 1201 ad
1085 1150 1325 1201 Jacobum
1358 1151 1672 1211 Sadoletum,
1708 1167 1852 1217 quam
1886 1153 1935 1201 in
1967 1154 2042 1202 la—

107 1236 263 1286 tinum
295 1250 582 1285 conversam
614 1235 973 1284 Kovachichius
1005 1236 1055 1284 in
1086 1236 1216 1285 Vest.
1242 1236 1383 1286 Com.
1408 1252 1458 1300 p.
1486 1233 1605 1284 558
1628 1242 1677 1285 et
1696 1251 1866 1300 seque.
1889 1237 2038 1286 dedit.

239 1322 285 1380 2)
332 1319 489 1383 Gevay
544 1319 812 1369 Urkunden
868 1334 954 1368 zur
994 1318 1290 1368 Geschichte
1342 1336 1436 1369 von
1486 1321 1684 1384 Ungarn
1734 1320 1798 1368 im
1861 1321 2036 1371 letzten

107 1403 278 1454 Drittel
310 1403 397 1452 des
427 1402 601 1453 Jahres
638 1401 819 1453 1526.
866 1403 1036 1462 Wien,
1083 1397 1263 1452 1845.

321 1692 388 1770 b)
437 1694 543 1754 De
588 1691 915 1755 fontibus
961 1691 1438 1778 diplomaticis
1486 1691 1828 1755 externis.

974 1881 1016 1955 ς
1062 1882 1159 1939 48.

763 2042 840 2094 Ad
881 2042 1374 2108 cognoscendum

269 2204 626 2283 Hansi'tiuS,
673 2205 726 2267 si
765 2205 910 2267 nihil
950 2204 1141 2282 aliud,
1189 2227 1366 2291 quam
1409 2205 1574 2267 solas
1611 2202 1784 2266 modo
1826 2204 2034 2266 literas

99 2289 533 2375 Episcoporum
559 2291 854 2352 Bavariae
884 2288 959 2352 ad
990 2293 1290 2353 Joannem
1320 2293 1430 2352 IX.
1460 2287 1816 2351 Pontificem
1842 2288 2035 2350 Maxi—

100 2395 294 2449 mum,
354 2374 732 2450 duodecimo,
790 2387 858 2436 ut
895 2374 1238 2437 Katonaius
1281 2385 1610 2460 computat,
1663 2371 2035 2458 principatus

99 2455 332 2543 Arpadi
384 2481 538 2521 anno
600 2471 880 2522 exaratas
927 2460 1279 2543 vulgasset,
1334 2471 1537 2520 tamen
1577 2469 1707 2518 erat
1746 2456 1844 2517 ille
1890 2456 2032 2518 mihi

101 2563 234 2601 cum
280 2564 424 2603 cura
470 2542 887 2606 memorandus
914 2591 928 2619 ,
977 2542 1134 2628 quod
1164 2542 1277 2604 hac
1316 2547 1448 2628 ejus
1481 2540 1778 2603 industria
1815 2564 2032 2602 novum

99 2622 171 2685 de
187 2624 404 2709 priscis
437 2626 652 2688 ritibus
681 2631 1114 2712 Hungarorum
1157 2639 1359 2709 exstat
1406 2625 1822 2688 documentum
1864 2647 2030 2686 meae

100 2707 173 2770 de
205 2708 443 2771 illorum
478 2713 954 2795 Hunnorumque
978 2710 1248 2772 moribus
1276 2711 1539 2795 apprime
1564 2720 2032 2770 consentaneum

100 2794 461 2868 sententiae3
519 2818 676 2857 nunc
726 2817 866 2856 vero
922 2792 1037 2856 hoc
1086 2817 1187 2856 res
1246 2794 1376 2856 loco
1433 2805 1604 2869 sunt,
1664 2805 1730 2854 ut
1765 2805 1825 2854 et
1862 2793 2031 2854 initia

98 2890 467 2962 propagatae
514 2878 588 2940 ad
636 2902 740 2942 eos
782 2877 1096 2962 religionis
1158 2876 1556 2954 christianae,
1617 2889 1677 2939 et
1725 2875 1842 2963 ipsi
1881 2877 2029 2940 adeo

97 2959 382 3045 primaevi
432 2962 672 3025 ditionis
722 2985 926 3025 eorum
980 2960 1251 3039 termini,
1318 2974 1379 3024 et
1441 2962 1781 3046 subsequae
1816 2958 2029 3023 horum

21 3046 26 3054 ’
100 3055 414 3129 statusque
460 3047 823 3133 reipublicae
859 3047 1178 3109 universae
1225 3045 1380 3132 apud
1424 3070 1536 3109 nos
1579 3044 2026 3108 viclssitudines

0 3147 2 3181 ὲ
98 3128 319 3190 clarius
366 3151 442 3190 ex
496 3131 686 3193 literis
738 3131 1099 3194 Pontificum
1151 3131 1551 3194 Maximorum
1598 3143 1657 3192 et
1696 3129 2026 3215 diplomati-

0 3287 38 3432 25„

0 3433 6 3599 ξ

0 3619 11 3771 ἓ

0 3773 13 3886 ι

98 3211 211 3273 bus
244 3226 599 3289 noscantur,
642 3238 792 3300 quae
822 3215 1116 3299 singulari
1151 3214 1415 3299 ejusdem
1443 3214 1734 3288 Hansitii,
1779 3212 2025 3274 Baronii

98 3295 508 3382 Rajnaldique,
533 3300 870 3375 Muratorii,
896 3299 1181 3384 Dogielii,
1215 3300 1505 3375 Dobneri,
1534 3297 1764 3360 Pertzii
1789 3309 1848 3358 et
1870 3299 2024 3358 Pez-

98 3379 322 3443 ziorum
347 3430 362 3458 ,
432 3381 796 3467 aliorumque
831 3383 1141 3468 diligentia
1173 3385 1455 3460 collecta,
1492 3382 1770 3466 jurisque
1803 3380 2024 3466 publici

97 3462 252 3528 facta
285 3478 441 3529 sunt.
1641 3554 1681 3608 E
