2384 3886
381 195 464 247 88

1211 464 1218 471 f*
1252 465 1295 541 ς
1340 467 1466 524 25,

942 615 1006 663 111
1039 629 1295 664 summa:
1331 631 1429 665 res
1460 616 1760 667 hunnicae

553 764 647 823 De
704 762 944 824 Hunnis
988 759 1131 823 mihi
1173 784 1370 839 sermo
1415 775 1526 825 est.
1589 762 1762 840 Quod
1815 764 2081 850 cogitate
2109 786 2321 828 moneo

381 870 676 934 quosque,
732 870 865 910 mea
922 845 1071 910 haec
1133 846 1234 933 qui
1286 846 1562 932 legerint.
1647 848 1864 911 Omnia
1916 849 2109 926 enim,
2171 872 2323 935 quae
2380 862 2384 865 “

380 933 574 997 adhuc
610 931 760 1007 dixi,
806 931 890 994 ita
935 932 1266 995 communia
1307 932 1646 1017 Majoribus
1686 936 2119 1018 Hungarorum
2160 946 2323 1012 sunt,

380 1031 447 1081 ut
476 1019 528 1080 si
563 1017 695 1103 quis
731 1018 984 1080 alterum
1021 1039 1114 1077 me
1143 1016 1345 1078 nefors
1377 1015 1578 1077 Plauti
1622 1017 1775 1079 velle
1819 1019 2324 1105 Amphitruonem

378 1115 839 1189 repraesentare
869 1101 1135 1186 objiciat,
1184 1123 1302 1161 non
1335 1099 1434 1160 ille
1463 1100 1533 1162 de
1565 1123 1632 1161 re
1663 1103 1816 1165 male
1837 1152 1851 1180 ,
1899 1103 2007 1166 sed
2033 1103 2105 1167 de
2142 1127 2324 1191 opera

378 1205 511 1250 mea
564 1187 875 1273 pueriliter
941 1185 1258 1247 existimet.
1348 1185 1770 1270 intelligentes
1833 1211 2034 1251 rerum
2090 1188 2321 1267 harum,

377 1285 521 1358 puto
572 1273 728 1347 fore,
765 1278 844 1332 'ut
880 1270 1039 1333 aliud
1074 1269 1299 1332 laboris
1340 1268 1519 1355 hujus
1557 1284 1829 1334 statuant
1903 1273 2145 1348 retium3
2192 1274 2325 1337 visa

379 1379 590 1442 nempe
639 1357 753 1419 hac
811 1378 1041 1418 morum
1093 1354 1296 1440 gentis
1351 1356 1670 1440 utriusque
1714 1357 1847 1418 simi
1873 1359 2129 1436 ltudine,
2187 1381 2322 1446 per—

374 1454 674 1528 petuaque
716 1452 776 1503 et
829 1440 1160 1516 constanti,
1222 1462 1374 1524 quae
1420 1464 1558 1503 mox
1596 1441 1842 1504 uberius
1890 1443 2321 1523 illustrabitur,

378 1525 636 1589 omnium
678 1524 938 1612 partium
972 1548 1154 1601 usus,
1215 1525 1536 1611 cultusque
1566 1526 1725 1589 vitae
1764 1531 2123 1592 Hunnorum
2144 1533 2323 1592 -Hun‘-

377 1634 782 1696 garorumque
814 1610 1242 1684 consensione,
1288 1608 1405 1695 ipsi
1438 1634 1674 1695 quoque
1698 1611 1933 1675 facilius
1968 1613 2030 1676 in
2062 1614 2322 1700 gratiam

376 1695 627 1758 redeant
659 1719 791 1757 cum
832 1693 1326 1780 Chronographis
1374 1694 1621 1781 patriiS,
1670 1696 1771 1781 qui
1806 1721 2007 1761 rerum
2034 1697 2320 1785 hungari-

377 1803 581 1842 carum
608 1781 774 1843 velut
806 1780 1149 1842 citeriorum
1186 1778 1429 1860 notitia,
1491 1780 1760 1866 fidesque
1810 1807 1930 1846 non
1958 1783 2203 1869 perinde
2250 1808 2322 1846 ac

374 1864 769 1927 hunnicarum
809 1864 1139 1950 longinqua
1181 1887 1313 1926 cum
1337 1863 1449 1942 sit,
1495 1863 1640 1942 haS,
1687 1866 1943 1953 illasque
2003 1870 2166 1932 nullo
2221 1893 2322 1933 se-

373 1962 619 2035 paratas
653 1950 966 2012 intervallo
1001 1952 1402 2034 conjungunt3
1447 1948 1507 2011 id
1537 1973 1680 2013 vero
1711 1951 1830 2014 illis
1861 1953 2117 2016 libenter
2141 1953 2321 2016 etiam

376 2034 749 2096 concedant:
815 2057 966 2119 quae
1022 2032 1092 2095 de
1147 2033 1350 2120 prisca
1419 2036 1765 2098 Rectoris
1835 2038 2320 2101 Comunitatis

375 2117 531 2205 apud
550 2132 794 2204 gentem
815 2131 1150 2204 utramque,
1183 2142 1258 2180 ne
1277 2122 1549 2183 Francos
1583 2134 1824 2185 veteres
1847 2122 2175 2186 Sismondii
2199 2147 2320 2188 me-

374 2227 620 2280 morem,
660 2211 707 2284 1)
746 2204 1105 2267 auctoritate
1131 2203 1510 2290 adhibitaque
1535 2229 1686 2291 erga
1711 2207 1994 2283 vexillum
2015 2208 2207 2271 Ducis
2225 2229 2331 2290 re?

374 2289 646 2352 verentia
698 2301 1015 2377 promunt,
1086 2301 1207 2356 tam
1270 2302 1435 2353 certa
1482 2314 1554 2354 ea
1598 2314 1777 2369 esse,
1831 2312 2008 2378 quam
2056 2311 2208 2380 quae
2244 2294 2318 2369 ah

373 2373 449 2435 iis
520 2373 591 2436 de
658 2373 1075 2460 antiquissima
1109 2378 1467 2438 Hunnorum
1491 2425 1506 2452 ,
1573 2380 2126 2464 Hungarorumque
2184 2399 2319 2454 cru-s

375 2471 578 2521 entum
616 2460 882 2544 gladium
907 2507 922 2536 ,
996 2459 1232 2545 quoties
1301 2461 1523 2523 bellum
1591 2460 1946 2547 ingrueret,
2010 2464 2319 2539 circumfess

373 2543 544 2607 rendi
607 2544 1042 2608 consuetudine
1108 2551 1161 2624 2)
1222 2558 1282 2608 et
1331 2546 1923 2632 spiculatores
1994 2549 2055 2611 in
2106 2568 2317 2624 omnes
2375 2548 2384 2559 ⁹

512 2730 555 2789 1)
600 2730 742 2794 Apud
781 2731 1000 2780 Francos
1043 2746 1144 2780 sec.
1179 2731 1256 2781 v1.
1297 2731 1636 2797 Magistratum
1677 2732 1811 2783 hune
1843 2730 2155 2781 Sismondius
2185 2732 2313 2783 Hist.

375 2813 463 2862 des
495 2813 726 2873 Francais
757 2815 815 2863 T.
842 2815 881 2863 Ι.
915 2831 967 2879 p.
997 2810 1137 2866 340.
1170 2816 1221 2866 in
1251 2816 1475 2881 Majore
1506 2817 1725 2867 Domus
1755 2817 1885 2867 videt
1922 2831 1981 2865 ex
2017 2816 2159 2866 Mord
2188 2817 2318 2884 Dom

373 2896 512 2961 (juge
545 2897 610 2946 du
641 2905 886 2959 meurtre,
922 2898 1041 2962 juge
1072 2901 1114 2948 a·
1129 2894 1284 2961 mort)
1325 2901 1540 2951 derivato
1560 2940 1572 2963 ‚
1621 2902 1869 2966 additque.
1914 2901 2047 2962 „Cet
2078 2902 2220 2953 office
2252 2903 2315 2952 de

375 2981 675 3047 grand-juge
715 2983 835 3033 etoit
874 2983 1039 3032 delors
1077 2999 1206 3048 pour
1238 2985 1311 3034 les
1345 2985 1531 3035 Francs
1579 3002 1673 3035 une
1714 2986 1994 3036 institution
2032 2987 2313 3037 ancienne“

372 3066 479 3116 Ibid
519 3083 569 3131 p.
606 3062 749 3117 405.
807 3068 967 3128 „dont
1012 3068 1058 3116 la
1105 3069 1411 3119 nomination
1461 3071 1772 3134 appartenoit
1810 3087 1872 3121 au
1913 3071 2093 3137 peuple
2125 3078 2175 3122 et
2211 3066 2312 3122 non

372 3152 514 3215 point
545 3167 608 3201 au
637 3153 773 3202 roi.“
814 3181 884 3189 --
921 3153 997 3202 Un
1029 3154 1183 3217 grand
1209 3153 1327 3219 juge
1359 3155 1432 3204 fut
1462 3155 1541 3204 elu
1573 3162 1668 3205 cet.

506 3239 553 3297 2)
599 3238 715 3286 Vide
747 3237 977 3302 Istvanffy
1007 3238 1068 3287 ad
1099 3254 1143 3287 a.
1184 3234 1364 3289 1534.
1412 3238 1685 3305 Pericopen
1719 3241 1892 3292 Const.
1927 3241 2128 3291 exercit.
2161 3242 2311 3292 trium

373 3321 480 3370 Nat.
514 3322 565 3371 in
597 3322 820 3388 Transyl.
853 3323 1134 3373 Kovachich
1166 3324 1337 3389 script.
1371 3324 1493 3374 min.
1527 3325 1648 3391 Pray
1679 3326 1806 3377 Hist.
1840 3327 1962 3392 Reg.
1997 3327 2162 3393 Hung.
2202 3332 2308 3376 not.

373 3420 536 3468 praev.
571 3423 621 3471 p.
643 3408 771 3458 XXI.
792 3408 965 3460 XXIII.
999 3407 1188 3474 Kallay:
1222 3397 1486 3461 Ertekezes
1515 3426 1541 3461 a
1567 3411 1768 3478 Szekely
1792 3418 1986 3463 nemzet
2013 3413 2201 3464 credet.
2224 3411 2308 3462 111.

375 3488 595 3540 Szakasz.
644 3497 675 3551 3
711 3491 762 3542 1.
1465 3536 1467 3538 ψ
