2384 3886
373 205 497 261 366

375 352 662 416 Exemplum
705 350 1032 414 Conjectus
1073 349 1351 414 hujusmodi
1388 351 1516 416 apud
1547 350 1806 415 Hungaros
1838 352 1982 401 etiam
2015 352 2070 402 C.
2105 353 2161 403 D.
2196 354 2276 402 lx.

375 455 417 485 v.
459 434 509 485 1.
547 452 595 499 p.
636 430 751 484 139
786 434 1019 484 occurrit.

1223 577 1266 653 §
1310 577 1448 635 173.

755 727 895 777 Loci
942 727 1093 792 apud
1140 725 1418 777 Ottonem
1463 727 1911 792 Frisingensem

546 876 691 938 Otto
743 873 1157 960 Frisingensis
1211 873 1470 961 scriptor
1522 897 1641 948 sec.
1703 877 1846 938 XII.
1901 873 1973 939 de
1990 876 1998 880 ”
2027 875 2291 939 exercitu

377 964 807 1046 Hungarorum
840 959 1116 1037 ,‚Coloni‚
1163 959 1271 1036 ait,
1309 959 1408 1045 qui
1439 960 1500 1022 in
1530 959 1677 1022 vicis
1700 973 2033 1039 morantur,
2080 972 2292 1025 novem

381 1046 697 1122 decimum,
755 1045 849 1107 vel
889 1044 1063 1107 etiam
1112 1057 1337 1132 septem
1380 1058 1679 1123 octavum,
1726 1047 1820 1110 vel
1851 1045 2032 1124 infra,
2090 1045 2144 1108 si
2190 1070 2292 1110 ne-

382 1155 552 1195 cesse
581 1130 785 1206 fuerit,
824 1153 954 1191 cum
978 1129 1328 1216 supellectili
1355 1130 1426 1193 ad
1455 1131 1673 1194 bellum
1705 1132 2048 1195 necessario
2071 1131 2292 1195 instru-

383 1229 517 1293 unt,
566 1215 782 1279 ceteris
810 1238 917 1301 pro
946 1216 1177 1279 cultura
1202 1229 1400 1280 terrae
1427 1215 1582 1280 domi
1611 1216 1901 1281 relictis.“
1945 1217 2294 1298 Institutum

382 1300 495 1365 hoc
532 1300 839 1387 singulare
878 1300 1111 1364 videtur
1148 1303 1402 1380 auctori,
1463 1325 1690 1366 summo
1725 1306 1960 1366 Ducum
2003 1303 2296 1371 Austriae

383 1409 606 1474 genere
641 1399 806 1463 nato,
852 1385 1159 1474 literisque
1199 1386 1356 1451 haud
1395 1388 1772 1452 mediocriter
1810 1389 2095 1477 perculto.
2140 1391 2294 1456 Tam

381 1474 544 1535 nulla
589 1472 1072 1535 constitutionum
1121 1473 1549 1561 Capitularium
1596 1475 1798 1537 Caroli
1844 1479 1956 1553 M.‚
2026 1497 2197 1561 quem
2242 1473 2294 1538 d.

383 1563 513 1623 Rex
548 1557 659 1621 hac
695 1570 865 1646 parte
898 1571 1277 1623 consectatus
1314 1573 1432 1638 est,
1467 1563 1596 1646 jam
1631 1582 1750 1622 sec.
1786 1563 1929 1624 ΧΠ.
1965 1560 2119 1648 apud
2146 1563 2295 1624 Ger-

383 1668 592 1708 manos
643 1656 954 1732 supererat
967 1651 1013 1725 1)
1044 1645 1338 1709 memoria.
1383 1647 1576 1709 Multo
1609 1645 1780 1709 aliter
1812 1670 1912 1709 res
1943 1646 2098 1731 apud
2130 1648 2296 1708 Hun-

384 1754 566 1816 garos
607 1729 830 1793 habuit.
898 1729 1011 1793 His
1065 1730 1263 1794 Caroli
1318 1755 1532 1795 nomen
1569 1735 1694 1818 jam
1743 1731 1817 1795 ah
1875 1732 2105 1795 artibus
2157 1731 2297 1795 belli

386 1816 932 1890 honoratissimum3
972 1816 1027 1880 in
1054 1816 1335 1880 imitanda
1365 1817 1553 1904 igitur
1575 1840 1843 1904 quaeque
1870 1817 2146 1882 instituta
2166 1819 2297 1904 ejus

388 1901 665 1966 militaria
702 1901 816 1966 hoc
857 1902 1246 1966 alacrioribus
1285 1903 1495 1966 animis
1522 1903 1899 1983 serebantur,
1945 1901 2101 1991 quod
2135 1903 2299 1966 illum

386 1987 649 2050 vicissim
698 1986 768 2050 de
818 1987 1034 2051 virtute
1079 1987 1335 2051 hunnica
1371 1989 1854 2076 praeclarissime
1895 1989 2298 2066 existimasse,

391 2095 521 2135 cum
556 2072 687 2135 aliis
723 2072 983 2150 indiciis,
1029 2086 1154 2137 tum
1189 2097 1329 2137 vero
1364 2088 1526 2138 certa
1565 2075 1869 2139 literarum
1904 2077 2032 2173 ejus
2062 2073 2175 2137 fide
2205 2097 2300 2137 ac—

390 2171 698 2246 ceperant,
751 2158 1018 2221 datarum
1062 2157 1135 2221 ad
1173 2159 1366 2223 Offam
1396 2160 1721 2224 secundum
1753 2164 2115 2224 Mercioru'm
2146 2159 2302 2247 apud

389 2245 629 2331 Anglos
654 2247 901 2330 Regem,
928 2243 1022 2306 cui
1047 2243 1182 2307 dum
1202 2246 1437 2308 maximi
1461 2269 1708 2309 munera
1736 2246 1910 2334 pretii
1932 2246 2166 2310 mittere
2181 2245 2300 2310 vel-

390 2331 497 2406 let,
543 2328 845 2392 baltheum
885 2341 944 2393 et
984 2329 1244 2415 gladium
1273 2329 1627 2394 hunniscum
1661 2345 1721 2396 et
1754 2331 1932 2420 pallia
1956 2331 2132 2396 misit.
2163 2338 2215 2412 2)

529 2490 572 2550 1)
620 2486 777 2551 Capit.
812 2486 871 2536 de
901 2502 944 2536 a.
982 2483 1101 2538 807
1134 2503 1178 2539 c.
1224 2486 1279 2538 2.
1317 2488 1646 2555 „Quicunque
1682 2488 1807 2539 liber
1843 2503 2045 2539 mansos
2085 2488 2298 2554 quinque
2377 2505 2379 2507 ·

390 2574 449 2622 de
479 2572 775 2638 proprietate
806 2571 985 2622 habere
1015 2572 1220 2637 videtur,
1253 2574 1305 2624 in
1333 2575 1526 2625 hostem
1557 2575 1774 2626 veniat.“
1824 2574 1943 2640 Cap.
1981 2572 2035 2625 6.
2071 2574 2299 2639 „Reliqui

390 2674 503 2709 vero
540 2657 858 2724 pauperiores
897 2673 981 2708 sex
1019 2659 1282 2725 septimum
1321 2675 1610 2726 praeparare
1648 2659 1853 2722 faciant,
1901 2666 1949 2710 et
1979 2660 2049 2710 sic
2079 2659 2138 2710 ad
2170 2675 2299 2710 con-
2381 2708 2384 2713 .

393 2744 574 2794 dictum
604 2744 836 2809 placitum
876 2743 1001 2794 bene
1034 2746 1308 2811 praeparati
1342 2747 1582 2797 hostiliter
1606 2746 1860 2797 veniant.“
1894 2745 2010 2796 Vide
2037 2745 2180 2796 etiam
2212 2760 2300 2796 ca-

392 2836 482 2895 put
522 2827 574 2879 1.
618 2829 773 2894 Capit.
813 2829 958 2895 primi
1000 2830 1059 2880 de
1108 2846 1152 2881 a.
1196 2828 1335 2882 812.
1391 2832 1452 2882 Hi
1488 2848 1583 2883 usu
1619 2832 1947 2898 Diplomatum
1988 2830 2139 2881 seculi
2167 2830 2295 2881 XIII.

392 2914 745 2979 Johhagiones‚
785 2914 1112 2980 Jobbagiones
1144 2916 1326 2980 Castri,
1373 2917 1457 2967 filii
1485 2917 1844 2982 Johbagionum
1875 2916 2064 2977 Castri,
2111 2916 2300 2966 Udvar-
2363 2944 2364 2947 =

392 3000 633 3050 nokorum
664 3006 758 3050 cet.
790 3009 1052 3064 vocantur;
1085 3017 1182 3066 quo
1215 3002 1437 3067 cognito;
1471 3003 1531 3053 de
1562 3018 1711 3052 sensu
1739 3002 1999 3053 verborum
2032 3016 2171 3064 „non
2207 3000 2298 3052 sub

394 3094 528 3136 certo
567 3101 799 3146 numero,
848 3086 934 3135 sed
973 3101 1031 3135 eo
1071 3087 1243 3150 modo,
1294 3087 1421 3138 sicut
1458 3088 1799 3139 servientes
1827 3087 2076 3153 Regales
2105 3102 2210 3153 per
2238 3102 2299 3137 se

394 3179 452 3221 et
478 3171 889 3237 personaliter
917 3172 1123 3222 armati
1152 3172 1411 3224 nobiscum
1442 3174 1739 3225 exercituare
1769 3177 2063 3225 teneantur“
2091 3187 2193 3223 non
2218 3176 2316 3222 me'
2359 3199 2361 3201 ·

394 3263 587 3322 oportet
616 3258 877 3308 disserere.

526 3345 574 3404 2)
603 3344 742 3408 Apud
772 3343 1066 3395 Matthaeum
1093 3344 1494 3395 Vestmonast.
1529 3345 1589 3396 ad
1612 3361 1656 3396 a.
1681 3342 1820 3396 775.
1839 3345 1956 3395 Vide
1974 3341 2297 3396 ibidem'Car-

396 3428 524 3477 mina
556 3444 775 3494 quoque,
822 3429 999 3494 quibus
1037 3429 1167 3494 regia
1206 3430 1335 3481 dona
1365 3430 1488 3481 haec
1518 3431 1842 3482 celebrantur.
1889 3426 1964 3481 Cf.
1997 3428 2141 3480 etiam
2173 3424 2290 3478 Sim.

396 3511 619 3563 Dunelm.
655 3514 712 3563 ad
745 3530 789 3563 a.
826 3511 945 3565 795
978 3515 1037 3566 de
1066 3515 1224 3581 palliis
1253 3516 1542 3567 holosericis
1571 3516 1959 3567 Varchunorum.
