2384 3886
1918 251 2039 307 381

125 387 379 475 publicis
410 394 464 468 4)
506 386 820 451 donatione
848 387 1159 473 (ajandek,
1205 409 1448 451 munere
1483 387 1828 469 honorario)
1863 412 2044 475 syno-

126 474 300 550 nima,
324 481 374 554 5)
407 473 520 536 hoc
540 472 704 560 apud
728 485 964 535 veteres
997 476 1326 559 Hungaros
1354 472 1692 551 denotabat,
1726 474 1878 561 quod
1908 498 2044 562 pro-

125 563 280 622 xime
304 572 441 622 ante
463 571 729 645 tempora
754 556 1046 620 Matthiae
1073 557 1315 621 Corvini
1342 560 1621 646 usurpari
1643 572 1913 648 caeptum
1940 574 2043 624 ta-

119 667 272 720 xae,
301 644 549 729 huicque
591 643 986 728 subrogatum
1025 666 1094 706 eo
1132 656 1373 706 auctore
1435 644 1739 708 subsidii
1789 646 2044 710 vocabu—

122 730 258 791 lum.
323 728 605 791 Subsidia
647 728 835 814 igitur
870 728 1071 791 seculo
1116 727 1382 790 Mathiae
1407 728 1731 794 invaluisse
1778 731 1850 795 de
1898 756 2043 796 voce

123 814 356 878 omnino
386 826 576 887 tenet3
617 813 689 877 de
712 835 779 875 re
811 837 928 876 non
957 812 1117 887 item;
1157 813 1288 876 aliis
1319 814 1471 876 enim
1500 814 1762 880 involuta
1795 817 2041 881 nomini-

120 899 234 962 bus
269 898 731 987 praestabantur
765 902 890 984 jam
934 898 1225 987 principio
1273 898 1491 962 conditi
1530 901 1731 985 regni,
1808 903 2042 989 quoties

122 985 413 1049 communi
454 984 671 1071 Regis,
727 984 1040 1071 Regnique
1088 984 1351 1048 Consilio
1387 985 1627 1071 cognita
1654 990 1821 1072 justa
1860 1012 2044 1051 causa

23 1077 33 1088 ’
120 1069 425 1134 inciderat.
478 1073 673 1133 Aetas
722 1082 919 1133 tamen
968 1074 1266 1157 Majorum
1313 1094 1387 1133 ex
1437 1084 1689 1134 connata
1738 1074 1936 1159 genti,
1984 1087 2044 1137 et

121 1156 290 1243 quasi
327 1180 437 1243 per
479 1179 688 1218 manus
724 1155 944 1219 tradita
977 1155 1089 1219 hac
1125 1148 1545 1234 sollicitudine,
1584 1170 1651 1220 ut
1687 1182 1762 1221 ne
1800 1182 2045 1222 munera

118 1241 452 1328 hujusmodi
492 1242 562 1304 in·
587 1241 901 1305 debitionis
942 1255 1252 1305 vertantur
1291 1241 1581 1328 speciem,
1637 1245 2042 1308 extraordina-

118 1327 242 1390 rias
269 1329 547 1392 collectas
588 1328 848 1415 posteris
890 1328 1046 1390 mille
1092 1327 1368 1391 celandas
1406 1328 1887 1416 ignorandasque
1950 1355 2042 1393 ar-

118 1412 279 1477 tibus
339 1414 538 1487 duxit3
611 1437 802 1500 usque
839 1413 976 1476 dum
1022 1411 1082 1475 hi
1120 1425 1366 1500 accepta
1414 1415 1488 1476 ab
1530 1413 1604 1476 iis
1643 1415 2039 1480 sollicitudine

119 1498 256 1574 hac,
300 1524 444 1563 aevo
481 1498 774 1563 Matthiae
811 1502 856 1562 I.
909 1498 1100 1597 Regis
1140 1523 1248 1586 per
1283 1499 1487 1577 aliam,
1534 1501 1717 1564 multo
1759 1505 2042 1589 majorem

121 1585 573 1649 sollicitudinem
611 1585 787 1662 victa,
835 1584 1157 1649 subsidia
1191 1585 1392 1671 legum
1414 1584 1633 1649 inferre
1663 1587 1884 1650 tabulis
1947 1612 2041 1651 sa-

47 1684 49 1687 ’
122 1670 239 1732 tius
258 1671 651 1735 censuissent.
684 1674 780 1734 De
800 1694 868 1735 re
895 1683 1073 1757 gesta
1097 1671 1268 1757 plura
1299 1670 1453 1745 olim3
1485 1695 1643 1735 nunc
1666 1673 1740 1736 de
1759 1674 2039 1738 collectis.

250 1913 303 1985 4)
349 1917 404 1966 In
434 1917 505 1967 lit.
538 1917 662 1966 And.
697 1918 757 1966 ΙΙ.
791 1917 946 1983 Hosp.
983 1933 1023 1967 s,
1057 1917 1233 1968 Joann.
1269 1918 1415 1983 Hyer.
1455 1933 1498 1967 a.
1541 1915 1700 1969 1217
1739 1919 1862 1969 datis
1901 1916 2036 1990 (Kat.

119 2003 180 2052 H.
222 2002 302 2052 Cr.
343 2002 399 2051 T.
439 2002 514 2052 IV.
553 2019 604 2067 p.
647 1998 797 2071 287)
844 2018 1030 2068 „saepe
1073 2003 1228 2053 dictae
1271 2003 1447 2054 domus
1477 2004 1704 2053 homines
1734 2020 1827 2053 nec
1858 2005 2040 2055 liberos

120 2088 372 2147 denarioS,
422 2087 495 2136 vel
540 2088 783 2153 pondera,
837 2103 929 2137 nec
969 2089 1290 2150 descensum,
1341 2104 1434 2137 nec
1474 2088 1615 2138 aliam
1655 2089 2040 2154 publicorum

119 2172 502 2238 vectigalium
542 2173 946 2234 exactionem,
990 2189 1136 2238 quae
1176 2174 1374 2238 aliquo
1415 2188 1559 2223 casu
1597 2174 1686 2222 vel
1719 2176 2039 2226 occasione

119 2259 179 2308 in
210 2273 392 2323 regno
423 2264 634 2308 nostro
665 2265 916 2323 possent
947 2258 1193 2323 emergi,
1225 2258 1507 2323 persolvere
1538 2264 1858 2309 teneantur.“

251 2370 301 2444 5)
347 2374 481 2424 Idem
520 2374 569 2423 in
606 2374 678 2424 lit.
712 2373 818 2424 Ecl.
855 2389 894 2425 s,
929 2373 1184 2424 Crucis'in
1214 2377 1350 2423 Aust.
1386 2374 1510 2423 datis
1543 2370 1737 2441 (itidem
1768 2374 1897 2440 apud
1927 2374 2036 2425 Kat.

120 2461 176 2510 T.
209 2461 263 2510 V.
308 2477 358 2525 p.
395 2454 545 2528 241)
586 2460 717 2524 quod
758 2460 1007 2525 praedicta
1049 2459 1193 2510 Curia
1239 2459 1463 2524 ipsorum
1513 2458 1749 2524 Legintov
1797 2459 1856 2508 ab
1906 2461 2040 2510 omni

120 2545 474 2604 donatione,
510 2545 751 2605 Collecta,
786 2546 1031 2610 Steura,
1057 2544 1455 2606 Contributione,
1491 2545 1754 2607 solutione,
1789 2546 2039 2596 exactione

121 2647 209 2681 seu
248 2631 488 2682 dicatione
529 2630 768 2696 qualibet,
811 2638 983 2680 nostro
1023 2630 1156 2694 regio
1195 2630 1395 2679 nomine
1427 2631 1688 2696 exigenda,
1729 2630 1909 2680 liberae
1941 2632 2040 2682 sint

118 2717 314 2782 penitus
352 2723 401 2765 et
442 2723 658 2766 exemtae
700 2731 792 2765 nec
830 2717 1021 2766 lucrum
1063 2716 1298 2765 Gamerae
1328 2721 1556 2776 nostrae,
1599 2716 1697 2765 sive
1729 2717 2038 2767 exactoribus

121 2803 353 2852 Gamerae
373 2809 570 2852 nostrae
596 2802 780 2851 solvere
811 2801 1125 2851 tenebuntur.
1152 2801 1362 2865 Philippi
1386 2800 1446 2850 ad
1470 2799 1590 2851 haec
1615 2801 1747 2851 sedis
1770 2801 2034 2863 Romanae,

118 2894 273 2937 aetate
310 2887 429 2937 Lad.
470 2888 545 2937 IV.
594 2887 740 2952 legati
789 2887 1044 2937 Canonum
1091 2885 1392 2958 Budensium
1443 2893 1589 2951 caput
1631 2887 1754 2937 adde
1791 2885 1895 2948 59,
1939 2904 2035 2953 quo

119 2973 337 3023 Eclesias
375 2978 424 3022 et
459 2972 802 3023 Eclesiasticas
839 2987 1078 3038 personas
1117 2971 1176 3021 ab
1217 2971 1445 3022 omnibus
1484 2972 1725 3037 angariis,
1766 2973 2037 3023 exactioni—

118 3059 212 3108 bus
243 3069 290 3108 et
323 3058 613 3109 Collectis
645 3065 692 3108 et
723 3059 827 3107 aliis
860 3057 1404 3122 superinductionibuS,
1448 3058 1705 3118 oneribuS,
1749 3065 1796 3107 et
1827 3073 2037 3107 mune-

121 3144 289 3194 ribus
314 3144 577 3194 sordidis
602 3144 669 3207 (1)
692 3143 981 3193 laicorum
1012 3142 1193 3193 liberos
1217 3143 1452 3193 decernit.
1488 3143 1559 3192 De
1591 3143 1829 3204 Steura,
1864 3143 2037 3193 Stura

121 3245 206 3278 seu
253 3229 569 3293 petitionibus
617 3228 1070 3294 (Geldgeschenke)
1112 3229 1241 3295 apud
1294 3229 1572 3279 Germanos·
1610 3228 1715 3279 vide
1771 3229 2035 3279 Hi'illmann

121 3330 165 3363 c.
201 3331 247 3364 o.
292 3330 342 3378 p.
379 3310 517 3364 653.
