2384 3886
401 246 483 302 86

404 404 608 446 eorum
656 380 891 444 funebri
940 379 1148 443 Belius
1197 379 1270 443 ad
1310 380 1567 444 Juvenci
1618 379 1804 443 Caelii
1857 381 2067 444 Calani
2107 382 2336 447 Atiiam

400 465 703 528 disseruit.
750 471 802 545 2)
2244 484 2253 488 ”

402 650 610 700 d’armes
642 649 702 698 de
732 648 866 699 leurs
895 652 1061 714 pereS,
1096 656 1145 700 et
1175 665 1241 701 ou
1270 650 1344 701 les
1373 653 1519 716 peres
1550 651 1799 701 versoient
1829 650 1917 700 des
1940 649 2153 712 l’armeS‚
2186 664 2334 715 parce

400 734 541 799 qu’ils
573 748 636 782 ne
667 734 934 798 pouvoient
962 750 1052 800 pas
1083 734 1247 784 imiter
1275 734 1409 785 leurs
1440 736 1675 785 enfenS.“

533 820 580 879 2)
628 818 699 868 De
736 819 998 869 vernaculo
1030 820 1154 869 ritus
1185 819 1334 885 hujus
1365 820 1565 869 nomine
1597 819 1818 870 inferius,
1867 819 2008 870 Ritus
2038 820 2146 884 ipse
2175 819 2337 885 pluri-

398 903 492 952 bus
523 903 878 968 antiquissimis
912 904 1190 954 communis
1223 911 1329 954 erat
1359 904 1587 970 gentibus
1620 911 1669 954 et
1686 905 1888 955 Athenis
1921 904 2119 969 quidem
2143 920 2334 955 morem

398 988 529 1038 hunc
556 987 657 1052 jam
691 1003 716 1037 a
750 988 970 1055 Cecrope
1003 989 1338 1055 permansisse
1371 988 1542 1039 scribit
1566 989 1740 1038 Cicero
1773 990 1832 1040 de
1864 988 1961 1039 LL.
1996 989 2030 1039 l.
2061 988 2122 1039 11.
2157 1004 2202 1039 c.
2233 987 2330 1039 25.

1271 1182 1313 1257 ς
1359 1185 1465 1240 23.

911 1338 990 1387 De
1021 1337 1264 1388 bellicis
1294 1337 1580 1390 laudibus
1612 1354 1815 1390 eorum

562 1482 737 1546 Nihil
801 1506 995 1571 neque
1062 1485 1421 1548 Ammianus
1477 1484 1743 1574 decerpit
1766 1534 1783 1563 ,
1848 1499 1916 1549 ut
1974 1486 2075 1584 qui
2173 1486 2333 1549 otius

394 1571 652 1633 Hunnos
705 1568 1042 1633 Primatum
1092 1593 1339 1633 suorum
1386 1569 1602 1648 ductu,
1667 1568 1953 1657 quidquid
1998 1508 2332 1648 incidisset,

391 1653 773 1739 perrupisse3
810 1655 1099 1741 praelium
1135 1655 1459 1732 cuneatim,
1494 1655 1800 1741 variisque
1830 1654 2081 1719 vocibus
2114 1679 2332 1720 sonan-

392 1737 557 1800 tibus
577 1751 815 1801 torvum
849 1746 895 1820 1)
917 1739 1198 1814 inivisse3
1233 1740 1309 1804 ad
1332 1740 1745 1827 pernicitatem
1765 1742 1932 1804 leves
1963 1747 2014 1821 2)
2039 1753 2099 1804 et
2119 1763 2331 1828 repen-

391 1822 586 1901 tinos,
625 1822 762 1886 dum
795 1822 867 1888 de
897 1824 1196 1888 industria
1223 1824 1756 1912 dispergebantur,
1788 1849 1908 1890 non
1937 1825 2194 1913 pilandis
2221 1826 2331 1888 ini-

391 1905 563 1969 micis
630 1909 882 1987 castris,
943 1908 1052 1973 sed
1102 1910 1447 1974 inferendae
1483 1910 1900 1989 vastissimae,
1958 1909 2153 1997 quoad
2200 1914 2332 1998 ejus

390 1992 524 2055 fieri
549 2006 764 2079 posset
808 1993 975 2058 caedi
1032 1994 1411 2070 incubuisse3
1467 2018 1538 2059 eo
1588 2019 1733 2059 vero
1793 1996 2053 2060 omnium
2111 1995 2331 2060 acerri-

390 2098 520 2139 mos
575 2077 766 2140 fuisse
798 2078 1124 2143 bellatores
1162 2079 1393 2158 scribit,
1440 2079 1597 2167 quod
1630 2082 1840 2168 procul
1870 2080 2205 2145 missilibus
2242 2093 2331 2144 te-

390 2162 497 2239 lis,
545 2162 815 2228 cominus
852 2164 1013 2228 ferro
1050 2164 1182 2229 sine
1217 2165 1311 2228 sui
1348 2178 1632 2251 respectu
1663 2166 2058 2238 conflixerint.
2088 2172 2141 2247 3)
2180 2169 2329 2230 Pro-

527 2348 570 2407 1)
616 2346 752 2396 ldem
783 2347 1020 2402 Romanis
1051 2364 1162 2400 mos
1193 2351 1325 2416 apud
1355 2351 1564 2402 Gellium
1594 2353 1629 2403 1.
1661 2350 1714 2403 1.
1757 2368 1802 2403 c.
1835 2350 1930 2403 11.
1973 2352 2237 2403 Caesarem
2269 2353 2330 2403 de

387 2431 516 2481 bello
555 2431 647 2480 civ.
689 2447 735 2481 o.
767 2431 940 2483 XXIX.
985 2431 1084 2484 92.
1140 2435 1277 2485 Idem
1311 2436 1459 2487 Gallis
1490 2438 1620 2503 apud
1658 2437 1762 2488 Liv.
1795 2437 1829 2488 l.
1863 2438 1919 2487 V.
1961 2453 2006 2487 c.
2043 2433 2143 2488 37.
2193 2437 2328 2496 Quae

387 2517 446 2565 de
485 2516 675 2566 feritate
712 2516 1009 2568 Hunnorum
1048 2519 1246 2584 quidam
1277 2521 1486 2582 habent,
1525 2522 1694 2572 itidem
1726 2538 1785 2572 ex
1825 2521 2081 2572 Strabonis
2122 2529 2330 2573 senten-

386 2601 453 2651 tia
490 2601 583 2650 hac
622 2601 680 2663 (l.
714 2601 814 2651 VII.
857 2618 909 2667 p.
943 2597 1094 2666 463)
1134 2606 1438 2656 aestimanda
1481 2613 1621 2657 sunt:
1666 2608 1813 2670 „Jam
1852 2607 2088 2672 Ephorus
2117 2607 2195 2658 IV.
2237 2607 2329 2658 Hi-

387 2686 581 2736 storiar.
622 2685 748 2735 libro
788 2702 903 2738 cum
933 2689 1142 2739 aliorum
1175 2689 1493 2756 Scytharum,
1534 2699 1641 2742 tum
1673 2692 2006 2743 Sarmatarum
2038 2707 2141 2743 non
2171 2708 2326 2743 unum

387 2786 496 2819 esse
538 2771 818 2821 institutum
859 2774 926 2824 ait
939 2794 958 2835 ‚·
1000 2789 1164 2840 neque
1204 2776 1283 2826 alii
1323 2776 1521 2842 quidam
1563 2777 1624 2827 de
1657 2777 1945 2828 crudelitate
1976 2791 2150 2827 eorum
2180 2776 2327 2828 verba

386 2855 596 2915 faciunt,
643 2856 776 2919 quod
815 2857 980 2907 sciunt
1015 2859 1209 2909 animos
1246 2876 1414 2911 rerum
1452 2862 1695 2913 atrocium
1734 2868 1783 2912 et
1819 2861 2112 2912 terribilium
2149 2877 2326 2913 narra-

384 2939 519 2989 tione
561 2939 788 3004 percelli;
835 2956 949 2991 cum
986 2949 1153 2992 tamen
1191 2943 1243 2994 in
1273 2945 1475 2995 alteram
1514 2954 1735 3011 partem,
1784 2961 1974 3012 neque,
2022 2947 2157 3012 quod
2187 2947 2325 2998 dica-

384 3031 489 3086 tur,
532 3024 685 3085 desit,
726 3039 888 3090 neque
920 3027 1202 3093 exempla.“

558 3111 607 3170 2)
654 3109 830 3160 Strabo
868 3126 968 3161 rer.
1009 3127 1180 3178 geogr.
1229 3113 1263 3163 l.
1295 3112 1396 3162 VII.
1449 3129 1500 3180 p.
1536 3109 1678 3166 480.
1731 3115 1980 3181 peculiare
2018 3116 2115 3167 hoc
2158 3117 2324 3167 omni-

381 3194 474 3244 bus
513 3193 756 3260 Scythicis
795 3203 845 3246 et
882 3196 1165 3247 Sarmaticis
1211 3204 1287 3248 est
1328 3198 1583 3264 gentibus,
1637 3201 1770 3266 quod
1801 3216 1958 3267 equos
1989 3206 2229 3264 castrant,
2269 3210 2325 3253 ut

381 3295 439 3329 eo
472 3278 685 3329 habeant
715 3295 801 3331 eos
833 3282 894 3332 ad
925 3282 1184 3332 ferendum
1215 3284 1597 3347 mansvetiores3
1641 3293 1757 3337 sunt
1788 3286 1918 3337 enim
1950 3286 2112 3354 parvi,
2151 3302 2320 3338 verum

382 3379 519 3413 acres
552 3364 818 3416 admodum
851 3374 900 3417 et
931 3374 1270 3418 contumaces,

517 3450 563 3508 3)
611 3449 810 3501 Confer.
845 3467 959 3502 cum
990 3452 1068 3502 his
1099 3452 1264 3503 locum
1297 3453 1479 3505 Zosimi
1511 3455 1637 3507 Hist.
1671 3457 1705 3506 1.
1739 3457 1816 3506 lv.
1851 3456 1934 3522 qui
1965 3454 2174 3507 Hunnos
2217 3463 2320 3507 sta-

384 3532 500 3580 taria
534 3548 695 3599 pugna
733 3536 897 3588 minus
936 3536 1172 3598 valuisse,
1223 3539 1308 3589 sed
1353 3540 1530 3606 partim
1571 3541 1757 3592 circum
1799 3540 2091 3607 equitand0‚
2140 3540 2318 3608 partim
