2384 3886
1861 213 1981 271 195

0 417 2 424 ,
75 352 323 439 Reginis
357 352 645 416 communi
678 351 894 437 Regis,
929 352 1241 438 Regnique
1273 352 1518 417 consilio
1543 353 1982 440 deputarentur,

22 478 25 494 ι
65 442 187 525 jam
236 451 373 502 ante
420 437 762 502 Colomanni
814 435 1195 500 observatum
1246 438 1433 500 fuisse
1486 451 1775 513 aetatem3
1851 436 1984 502 divo

74 522 399 611 Stephane,
420 535 580 610 puta,
610 534 847 586 auctore
872 521 1160 618 coepisse,
1179 526 1359 619 ‘cujus
1386 547 1505 586 non
1531 523 1770 588 decreta
1791 524 1982 603 modo,

76 608 184 672 sed
224 621 357 672 acta
392 631 653 695 quaeque
689 606 804 670 vim
836 606 1022 691 legls,
1071 609 1343 692 jurlsque
1389 631 1422 670 a
1464 608 1540 671 ud
1575 621 1849 696 posteros
1884 608 1985 673 ha-

74 693 273 758 buere.
318 696 500 758 Bonis
535 692 629 754 his
654 691 1051 777 reginalibus,
1086 715 1236 778 quae
1265 633 1575 756 varialiiant
1602 695 1986 787 (provinciae,

0 788 22 851 ἶχῑ
76 778 267 865 quoad
297 779 424 842 fieri
452 777 672 864 potuit,
727 776 1147 863 districtusque
1185 776 1684 864 adsignabantur,
1730 781 1857 844 loco
1890 804 1986 844 ea-

7 903 10 905 *
76 888 205 927 rum
255 863 436 926 natali
464 870 516 943 ⁴)
559 864 889 949 proximae)
965 862 1218 949 Jurique
1247 886 1355 950 per
1371 886 1473 926 eas
1498 863 1794 928 reddendo
1819 890 1988 953 prae-

74 948 213 1012 fecti
250 953 564 1012 Barones
596 947 1043 1035 Comitesque
1074 947 1396 1011 Curiales
1446 950 1786 1036 Reginae3
1840 952 1987 1014 mili-

73 1046 169 1098 tes
195 1058 335 1098 vero
372 1057 447 1098 ex
476 1032 829 1099 Udvarnicis
860 1033 1183 1121 conscripti
1217 1047 1497 1120 genteS,
1545 1036 1987 1100 exercituan·

75 1131 329 1206 tesque
361 1120 728 1206 reginales
765 1118 826 1181 in
860 1118 1114 1183 vetustis
1148 1118 1372 1183 chartis
1408 1134 1711 1185 vocantur.

78 1365 270 1417 Austria
297 1366 515 1416 Andreae
542 1365 647 1427 111„
679 1365 873 1416 Beatrix
902 1365 1109 1417 Mathiae
1142 1365 1354 1427 Corvini,
1385 1335 1521 1416 Anna
1551 1365 1695 1429 Ulad„
1721 1367 1811 1427 IL,
1842 1366 1988 1417 Maria

77 1451 200 1504 Lud.
233 1451 294 1502 II.
329 1457 583 1502 consortes
613 1451 823 1502 insulam
853 1451 980 1501 hanc
1010 1451 1357 1518 possederunt.

207 1538 258 1599 4)
303 1537 443 1588 Cous.
476 1537 619 1587 Belae
649 1537 708 1588 R.
748 1536 931 1588 Notarii
963 1552 1072 1603 cap.
1104 1537 1201 1588 XV.
1245 1544 1292 1587 et
1321 1537 1447 1603 Dipl.
1482 1538 1624 1588 citata
1654 1536 1817 1602 paullo
1855 1543 1984 1588 ante.

79 1813 320 1875 Partes
331 1860 348 1890 ,
408 1833 568 1896 quas
619 1816 684 1874 in
745 1815 1073 1876 condenda
1121 1816 1562 1900 firmandaque
1606 1815 1991 1877 Monarchicc

355 1915 706 1995 hunyarica
748 1916 807 1975 d.
854 1913 1214 1996 Stephanus
1258 1917 1556 1996 imposuit
1594 1917 1724 1976 sibi.

25 2167 28 2169 .
83 2120 150 2195 1)
180 2112 289 2177 Ad
319 2112 682 2200 figendam
717 2112 993 2177 climate
1021 2113 1150 2178 hoc
1183 2125 1496 2200 gentem,
1544 2113 1723 2177 omni
1755 2126 1990 2180 aucto-

153 2213 398 2278 ritatis
430 2212 813 2277 severitate
843 2214 974 2293 uti,
1015 2214 1364 2300 ducesque
1395 2233 1576 2277 nova
1605 2212 1681 2276 de
1713 2214 1912 2278 novis

255 2326 718 2379 arcessentes
748 2315 1062 2402 pericula
1091 2315 1451 2402 legitimae
1480 2315 1822 2402 potestati

761 2439 930 2479 suae
962 2415 1317 2503 subigere.
1863 2416 1869 2422 ”

946 2606 987 2683 5
1034 2609 1131 2666 lo.

147 2771 383 2837 Gyulam
429 2741 894 2838 Trans'ylvan'um
943 2779 997 2822 et
1044 2771 1195 2822 alios
1242 2771 1575 2837 legitimum
1623 2746 1933 2839 imperium

715 2857 1127 2908 detrectantes
1175 2858 1363 2924 punit.

256 3019 388 3079 Iras
419 3018 691 3104 Europae
721 3009 982 3106 placare,
1030 3029 1414 3104 gentemque,
1456 3013 1509 3081 si
1535 3017 1595 3080 in
1623 3016 1996 3082 arcessendis

36 3104 39 3108 ’
87 3098 368 3191 periculis
393 3101 613 3180 eadem,
640 3113 785 3189 quae
811 3103 1046 3166 Hunnis
1064 3103 1522 3190 Varchunisque
1546 3103 1763 3168 ferocia
1784 3102 1996 3188 persti-

88 3188 260 3266 terit,
318 3185 559 3251 eandem
602 3211 830 3275 quoque
878 3189 1064 3252 vicem
1108 3185 1467 3266 subituram,
1525 3189 1715 3275 figere
1767 3186 1997 3251 climate

90 3270 202 3338 hoc
225 3322 241 3352 ,
304 3272 709 3360 religioneque
756 3273 1052 3361 impletam
1105 3268 1354 3352 meliori,
1409 3278 1578 3361 cujus
1613 3273 1997 3359 capacissima

93 3370 285 3437 esset,
337 3354 562 3444 ingenii
611 3356 898 3444 animique
944 3359 1036 3422 sui
1080 3361 1306 3446 gloriae
1356 3378 1597 3423 servare
1632 3357 1996 3445 propositum

19 3522 21 3526 y
62 3444 394 3542 ³,Stephano
428 3457 489 3507 et
527 3442 601 3508 ad
635 3467 876 3531 scopum
906 3441 1080 3521 hunc,
1134 3444 1684 3533 exprimendamque
1735 3443 1996 3507 moribus

95 3552 242 3607 suls,
283 3529 394 3592 hac
423 3531 598 3595 etiam
635 3538 804 3618 parte
841 3530 1155 3616 imaginem
1182 3528 1409 3618 imperii
1453 3529 1652 3595 Caroli
1669 3533 1752 3594 M.
1771 3553 1997 3594 omnem

1544 3620 1658 3676 13*
