2384 3886
95 925 230 1012 De
274 922 923 1042 Hungarorum
962 922 1058 1011 in
1101 922 1559 1041 Europam
1604 921 2025 1013 adventu.

986 1178 1131 1252 §1-

130 1325 395 1390 Hungari
444 1325 731 1386 consilio,
782 1327 1200 1391 auspiciisque
1247 1326 1393 1376 Almi
1439 1327 1878 1391 prosectionem
1927 1328 1986 1376 in

688 1409 994 1475 Europam
1043 1410 1424 1474 suscipiunt;

261 1554 554 1641 Proprius
579 1554 833 1639 Scythis
864 1554 1260 1641 belligerandi
1289 1577 1482 1630 amor,
1516 1576 1591 1615 ex
1625 1555 1758 1616 aliis
1786 1556 1845 1616 in
1878 1556 2027 1618 alias

93 1637 269 1701 sedes
301 1636 657 1701 succedendi
691 1637 888 1717 studio
911 1643 1195 1725 junctus,
1244 1639 1338 1700 cui
1365 1639 1743 1724 Scriptorum
1771 1661 2027 1724 quorun-

92 1722 223 1784 dam
257 1734 360 1784 aut
390 1723 499 1799 ira,
546 1734 650 1784 aut
675 1722 916 1808 ignavia
938 1723 1144 1787 nescio
1178 1745 1353 1808 quam
1388 1734 1738 1808 perpetuam
1782 1723 2029 1787 cedendi

90 1806 515 1869 necessitatem
534 1807 872 1892 praetendit
888 1856 902 1882 ‚
944 1830 1144 1869 rerum
1174 1807 1244 1869 ad
1263 1807 1413 1869 haec
1433 1829 1541 1892 per
1561 1807 1811 1883 Atilam,
1846 1820 1905 1870 et
1935 1831 2028 1870 re-

90 1890 308 1975 liquam
360 1890 602 1975 cognati
637 1891 953 1976 sanguinis
989 1890 1424 1954 multitudinem
1460 1903 1773 1976 gestarum
1811 1914 2029 1954 memo-

90 1974 199 2050 ria,
231 1977 499 2059 Majores
530 1979 667 2036 Hun
720 1990 958 2038 arorum
984 1976 1144 2037 circa
1178 1998 1228 2036 a.
1258 1983 1385 2037 884
1419 1974 1477 2036 in
1508 1978 1810 2060 Europam
1842 1974 2028 2038 duxit.

88 2061 328 2121 Auctor
352 2058 584 2121 consilii
615 2062 675 2120 A
703 2082 834 2121 mus
864 2060 1023 2121 filius
1053 2059 1237 2145 Ugek
1269 2058 1341 2121 de
1368 2059 1660 2155 progenie
1698 2059 1931 2133 Atilae3
1979 2064 2027 2139 1)

0 2171 4 2174 ⁴
92 2143 256 2206 Socii
296 2164 440 2227 pars
462 2143 718 2205 maxima
750 2143 952 2230 populi
994 2143 1056 2205 in
1100 2156 1331 2230 septem
1388 2143 1562 2205 div1si
1619 2143 1845 2220 tribus,
1900 2147 2028 2225 Du-

0 2265 2 2279 ·
92 2225 260 2288 cibus
299 2227 700 2312 (Capitaneis)
751 2228 995 2291 totidem
1045 2228 1326 2304 delectis,
1374 2250 1490 2312 quo
1519 2250 1631 2289 sua
1655 2228 1900 2289 Almum
1938 2228 2028 2289 sic

91 2333 317 2395 genere
368 2311 581 2398 opibus
604 2360 618 2386 ‚
666 2312 1023 2376 auctoritate
1082 2324 1486 2399 praestantem
1528 2311 1769 2374 fortuna
1819 2313 2025 2388 ferret,

0 2417 4 2466 g
92 2395 263 2480 sequi
303 2396 512 2481 parati.
557 2403 609 2476 2)
654 2396 779 2460 Sed

237 2581 280 2640 ¹)
325 2579 555 2630 Notarius
585 2580 642 2630 B.
676 2580 736 2629 R.
771 2596 817 2630 c.
856 2578 960 2642 19,
998 2579 1104 2642 20,
1138 2576 1239 2631 46.

227 2665 275 2724 2)
323 2663 558 2724 „mobilis
586 2671 635 2713 et
662 2679 721 2713 ex
746 2664 994 2714 voluntate
1022 2665 1301 2728 parentium
1328 2671 1564 2713 constans
1590 2663 1719 2713 inter
1739 2680 1857 2714 suos
1876 2665 2024 2715 Prin—

0 2766 4 2797 ι,
94 2746 323 2811 cipatus“
370 2748 488 2797 Vell.
531 2749 721 2798 Paterc.
755 2748 817 2797 ΙΙ.
860 2764 904 2797 c.
945 2746 1083 2798 108.
1145 2748 1414 2813 Imperium
1463 2748 1615 2812 (apud
1654 2748 1842 2798 Livium
1892 2750 1925 2798 l.
1959 2750 2021 2799 ll.

1 2849 3 2870 3
94 2845 139 2879 c.
178 2828 301 2893 59.)
333 2830 476 2896 cujus
506 2833 577 2882 vis
610 2832 772 2882 omnis
802 2832 854 2881 in
886 2848 1135 2883 consensu
1169 2832 1501 2882 obedientium
1533 2839 1683 2881 esset.

987 3026 1130 3102 §a

208 3187 348 3237 pars
395 3174 763 3225 Societatem
813 3175 1113 3241 abrumpit
1157 3182 1217 3225 et
1263 3175 1321 3225 in
1369 3174 1625 3224 Lebedia
1674 3188 1909 3222 manere

797 3275 800 3278 ’
886 3260 1232 3321 constitum

263 3402 365 3466 Ad
416 3403 758 3466 Susdaliam
800 3415 861 3467 et
904 3428 1020 3489 qua
1051 3406 1188 3468 olim
1234 3405 1451 3468 Sarkel
1487 3415 1748 3465 castrum
1793 3401 2024 3465 Chaza-

9 3494 12 3510 ²
97 3507 295 3549 rorum
351 3488 470 3551 late
522 3487 968 3565 dominabatur,
1024 3488 1098 3552 ad
1146 3491 1343 3553 sontes
1392 3487 1624 3572 lnguli,
1671 3486 2024 3572 lngulcique

8 3593 17 3660 ἱ

9 3732 19 3830 ’ν

13 3845 17 3872 l
