2384 3886
1883 174 2004 229 241

14 319 20 366 ἐ
93 313 280 377 biles
322 313 525 399 regni
562 313 654 376 sui
684 312 959 375 libertate
996 312 1324 395 gaudeant,
1371 313 1680 399 nulloque,
1730 312 1844 375 alio
1881 335 2006 375 ser--

3 402 54 489 3221·
92 399 231 462 vitio
267 411 608 476 teneantur,
655 396 772 460 nisi
809 395 870 459 in
905 419 1015 458 suo
1048 398 1314 460 exercitu
1344 399 1613 484 generali
1649 397 1760 460 sub
1792 398 2006 461 vexillo

10 533 24 567 ἑ,
89 484 259 570 regio
292 484 586 548 militent“
623 495 765 547 sunt
800 481 934 543 illae
977 481 1238 566 quidem,
1274 494 1340 545 ut
1373 507 1510 546 mox
1539 484 1727 570 primo
1763 497 2009 571 apparet

8 588 26 648 ξ
88 569 400 657 adspectu,
434 569 690 656 scriptae
712 565 1187 643 accuratissime,
1250 569 1520 654 omnique
1555 593 1800 634 numero
1833 570 2007 633 abso-

90 655 275 728 lutae3
323 653 476 740 quod
502 667 696 716 tamen
736 651 1054 739 optandum
1083 665 1238 728 erat,
1284 665 1350 715 ut
1382 677 1531 740 quae
1567 655 1844 743 deinceps
1874 655 2008 719 ede-

13 770 15 775 ’
87 753 298 804 rentur
343 740 550 804 literae
591 738 765 824 hujus
802 736 1078 823 generiS,
1155 736 1228 799 ad
1271 737 1386 800 hoc
1428 740 1608 801 veluti
1645 754 2009 828 prototypon

20 874 27 891 .
91 838 296 888 essent
320 823 760 900 accomodatae,
794 822 1152 911 sperandum
1176 823 1248 886 ab
1273 822 1672 887 adolescentia
1708 825 1820 888 hac
1864 828 2008 912 styli

91 910 330 973 curialis
380 910 693 995 hungarici
733 933 851 972 non
882 921 1040 985 erat,
1088 908 1180 970 cui
1218 908 1363 972 nihil
1395 910 1568 996 plane
1604 909 1757 973 idem
1788 913 2011 997 placuit

87 995 201 1060 din.
255 998 462 1081 Reges
502 995 576 1058 ad
607 995 755 1058 haec
778 1007 840 1058 et
883 995 1308 1058 Servientes
1351 995 1556 1081 regni
1594 996 1904 1074 creabant,
1951 1011 2010 1061 et

84 1104 225 1144 vero
255 1094 500 1168 caeptae
531 1104 719 1167 nuper
747 1078 1189 1159 consuetudini,
1236 1104 1386 1167 quos
1423 1082 1668 1159 vellent,
1715 1083 1776 1144 in
1806 1106 2009 1146 nume-

85 1190 214 1230 rum
248 1166 725 1230 Servientium
753 1165 1148 1251 Regalium,
1182 1178 1290 1229 se'u
1316 1166 1731 1230 Aulicorum
1753 1174 1802 1248 2)
1837 1191 2009 1256 coop-

83 1252 246 1317 tandi
277 1252 678 1316 inhaeserant.
723 1251 865 1314 Alia
891 1252 1083 1336 igitur
1109 1277 1183 1315 ex
1210 1252 1341 1314 aliis
1381 1252 1638 1316 subnata
1668 1266 1811 1316 sunt
1838 1277 2009 1340 para-

85 1337 252 1401 doxa.
296 1337 715 1424 Jobhagiones
753 1338 1037 1424 quosdam
1076 1337 1146 1401 de
1186 1338 1574 1423 generatione
1606 1339 2009 1425 (primi‘illi‚

87 1424 494 1488 consentiente
522 1425 777 1486 omnium
807 1423 1185 1510 diplomatum
1213 1424 1357 1501 fide,
1391 1424 1682 1510 verique
1718 1438 1777 1488 et
1808 1438 2009 1488 natu-

84 1510 271 1574 rales
310 1523 480 1573 erant
505 1509 778 1572 nobiles
806 1509 1042 1595 regni)
1070 1510 1129 1571 in
1156 1532 1465 1572 numerum
1498 1509 1835 1572 nobilium
1868 1515 2009 1574 Ser-

84 1595 366 1659 vientium
406 1595 654 1681 Regis,
700 1595 1274 1681 Bellatorumque
1322 1618 1455 1658 cum
1489 1595 1665 1658 avitis
1697 1595 2009 1674 haerediiS,

82 1682 244 1744 nulla
304 1681 444 1744 licet
506 1704 660 1743 nova
721 1680 1096 1744 liberalitatis
1148 1680 1355 1766 regiae
1413 1681 1759 1745 accessione
1816 1682 2007 1745 auctis

19 1790 30 1805 ³
83 1766 415 1829 translatos
455 1766 687 1829 videas:
743 1779 1038 1852 tamquam
1074 1790 1184 1830 nec
1219 1766 1449 1830 nobiles
1484 1779 1684 1844 antea,
1744 1791 1854 1831 nec
1888 1768 2010 1831 bel-

31 1857 37 1866 ’
82 1852 308 1916 latores
327 1850 798 1938 fuissent;·quae
820 1865 1018 1915 tamen
1049 1851 1390 1938 praedicata
1416 1852 1754 1934 (nobilium,
1799 1866 1858 1917 et
1886 1854 2009 1917 bel-

82 1937 365 2019 latorum)
413 1938 621 2004 literae
657 1939 808 2000 aliae
839 1935 1266 2001 Servientibus‘
1287 1961 1522 2024 quoque
1559 1939 1763 2002 Castri
1797 1941 2008 2025 vulgo:

83 2023 221 2086 filiis
265 2023 714 2110 Jobbagionum
756 2023 959 2088 Castri
1002 2023 1351 2087 attribuunt.
1374 2030 1426 2104 3)
1481 2023 1691 2087 Liberi
1729 2047 1777 2086 s,
1817 2025 2009 2111 Regis

215 2205 266 2278 2)
314 2209 436 2259 Cod.
469 2209 598 2275 Dipl.
631 2211 708 2261 IV.
748 2211 843 2261 vol.
882 2209 934 2261 1.
977 2226 1090 2277 pag.
1127 2206 1267 2261 333.
1316 2210 1404 2259 His
1435 2210 1495 2260 ad
1538 2210 1759 2260 amussin
1802 2210 2004 2272 simileS,

83 2310 384 2360 magnaeque
429 2295 480 2344 in
527 2311 633 2345 rem
685 2303 996 2362 praesentem
1036 2296 1255 2346 utilitatis
1294 2302 1411 2345 sunt
1446 2295 1638 2345 Literae
1680 2295 1889 2344 Ladis'lai
1927 2296 2004 2346 IV.

83 2381 143 2430 de
174 2396 218 2430 a.
257 2378 414 2431 1279
457 2377 537 2451 (V.
579 2382 673 2431 vol.
709 2380 765 2431 2.
799 2398 850 2446 p.
885 2377 1036 2451 490)
1076 2381 1253 2446 quibus
1294 2380 1578 2446 Sagittarios
1610 2381 1669 2430 de
1701 2381 1917 2446 Zegyved
1954 2382 2003 2431 in

82 2480 391 2516 numerum
438 2467 606 2531 regni
658 2466 950 2517 nobilium
998 2468 1163 2517 refert.
1228 2466 1500 2531 Utrumque
1547 2466 1770 2531 Diploma
1809 2467 1904 2516 hoc
1946 2484 2002 2516 ex

80 2550 430 2612 Praelatorum‚
467 2551 813 2617 Baronumque
844 2553 982 2617 regni
1012 2553 1287 2618 profectum
1320 2552 1537 2602 Consilio
1571 2558 1734 2616 gratae
1764 2552 2000 2602 formulae

82 2637 248 2698 „inter
276 2637 467 2686 nobiles
498 2653 554 2686 ac
586 2638 862 2687 Servientes
893 2638 1107 2702 regni“
1140 2638 1248 2687 luce
1280 2653 1333 2687 se
1365 2639 1694 2698 commendat,
1743 2637 2002 2701 scriptori-

79 2721 172 2771 bus
202 2722 448 2787 plerisque
480 2730 562 2772 aut
592 2723 887 2788 neglectum,
923 2730 1005 2773 aut
1036 2724 1151 2772 dum
1185 2723 1314 2772 solas
1344 2723 1587 2787 totiesque
1612 2722 1713 2788 jam
1734 2723 1999 2787 exscriptas

79 2806 317 2869 Emerici‚
370 2809 687 2874 Andreaeque
733 2815 781 2858 et
825 2816 1061 2874 nepotum
1107 2808 1271 2858 literas
1317 2809 1644 2869 admirantur,
1696 2808 1872 2873 quibus
1911 2824 2001 2873 per

80 2893 279 2942 nomina
309 2893 593 2954 Aulitum‚
641 2895 922 2944 Familiae
963 2895 1208 2960 Regiae,
1257 2894 1774 2959 Servientiumque
1806 2894 2000 2958 Rega-

78 2977 218 3027 lium
250 2979 360 3042 plus
393 2979 667 3044 splendoris
699 2981 1015 3045 adspersum,
1056 2987 1139 3030 aut
1170 2981 1229 3029 de
1259 2980 1479 3029 vexillo
1511 2980 1692 3045 Regio
1724 2980 1878 3044 magis
1911 2994 1997 3028 so—

78 3063 242 3112 nantia
272 3063 458 3128 adjecta
487 3066 631 3115 verba
663 3073 803 3126 sunt,
850 3066 1041 3115 silentio
1072 3066 1435 3115 transmissum.
1486 3066 1720 3130 Supinam
1751 3064 1993 3113 incuriam

78 3147 204 3198 hanc
247 3164 367 3198 usus
406 3151 591 3212 posteri
629 3151 864 3215 temporis
905 3152 1178 3216 redarguit3
1230 3152 1410 3201 horum
1450 3151 1579 3200 enim
1617 3149 1826 3199 formula
1871 3148 1994 3197 haec

80 3233 396 3298 diplomatum
438 3230 708 3303 (Nobilium
748 3233 913 3304 regni)
953 3242 1092 3300 post,
1141 3252 1301 3301 neque
1340 3236 1404 3285 ita
1450 3236 1631 3294 multO,
1679 3233 1994 3298 triumphavit

0 3354 3 3355 γ
80 3319 451 3384 sobrietatisque
484 3335 598 3370 suae
628 3319 820 3369 laudem
852 3320 1094 3385 hodieque
1126 3328 1299 3371 servat.

210 3401 261 3474 3)
307 3405 400 3455 Lit.
434 3405 552 3455 Lad.
586 3405 662 3454 IV.
696 3402 776 3474 (V.
799 3405 893 3454 vol.
920 3403 974 3454 2.
1008 3421 1058 3470 p.
1089 3400 1237 3475 5014)
1273 3406 1371 3467 „ad
1401 3405 1632 3468 regalium
1667 3404 1989 3454 Servientium

0 3555 2 3559 .
81 3502 164 3539 seu
204 3491 538 3541 aulicorum
577 3505 837 3541 numerum
875 3490 1252 3541 transtulimus“
1287 3490 1457 3555 Steph.
1491 3490 1544 3539 V.
1595 3506 1639 3539 a.
1689 3487 1848 3541 1266
1891 3490 1989 3551 „de

0 3587 4 3615 ι
1575 3572 1648 3623 16
