2384 3886
1893 178 2014 236 351

104 320 344 380 crimine
402 318 546 395 ullo,
600 317 673 380 ad
711 327 985 391 cunctos,
1041 316 1137 401 qui
1185 315 1342 381 intra
1378 316 1717 387 Dioecesim
1752 319 2018 382 Praelati

104 403 394 480 colebant,
430 402 638 490 patuit.
685 401 1008 465 criminum
1037 401 1378 485 graviorum
1398 402 1513 480 rei,
1546 404 1683 468 licet
1712 428 1814 468 eos
1842 405 2016 481 inter,

9 564 14 569 1
103 501 163 552 et
205 513 353 575 quos
391 489 749 564 laesissent,
804 499 1186 562 convenerat,
1245 500 1551 573 peccatum
1595 488 2016 577 Episcopilue-

102 574 245 637 bant
268 575 507 660 judicio.
561 577 795 636 Causae
844 571 915 634 de
962 570 1382 648 matrimoniis,
1421 573 1492 637 de
1524 573 1689 652 dote,
1719 574 2018 661 rebusque

0 727 9 744 Γ
101 659 633 748 paraphernalibus
681 659 1112 744 Episcoporum
1168 658 1573 742 sequebantur
1626 661 1853 737 forum,
1925 684 2018 722 cul

100 744 381 808 Andreas
426 748 502 807 ll.
552 744 699 806 alias
753 742 895 806 item
938 741 1354 828 quaestioneS,
1424 767 1853 832 quacumque
1898 770 2017 810 eae

102 830 380 895 ratione
434 830 506 893 ad
550 827 984 899 eclesiasticum
1028 851 1274 890 examen
1314 829 1711 915 pertinerent,
1770 843 1878 894 art.
1920 840 2015 896 17.

103 924 267 979 1231
307 914 627 979 accensuit:
685 913 790 977 Sic
818 937 960 977 vero
995 920 1134 993 (nec
1167 913 1319 976 enim
1366 916 1683 1001 sejungere
1727 939 1821 993 ea,
1869 941 2017 1002 quae

100 1002 350 1065 invicem
385 1001 736 1072 cohaerent,
783 999 922 1062 licet
948 1011 1215 1086 tempore
1251 998 1490 1076 dissita,
1544 1001 1794 1086 placet,)
1835 1015 2015 1066 mate-

99 1087 246 1150 riam
288 1086 445 1151 dedit
479 1099 730 1173 rogatae
776 1083 1144 1171 temporibus
1180 1084 1468 1148 Ludovici
1513 1089 1596 1148 M.
1635 1085 1788 1174 apud
1823 1090 2015 1150 Tran-

36 1238 46 1250 μ
102 1175 416 1259 sylvanOS,
481 1172 688 1236 nescio.
728 1194 803 1233 an
841 1171 1008 1258 prius
1052 1171 1206 1256 apud
1249 1174 1577 1256 Hungaros
1625 1172 1809 1258 legis„
1909 1196 2015 1236 uae

99 1258 248 1322 haec
281 1259 487 1322 habet:
534 1255 730 1345 „quod
762 1256 982 1320 factum
1011 1254 1373 1343 nuptiarum,
1429 1256 1571 1319 item
1607 1280 1823 1321 causae
1860 1196 2016 1322 dotis

101 1357 160 1408 et
189 1368 387 1408 rerum
411 1342 891 1432 parafernalium,
920 1341 1061 1405 item
1094 1364 1311 1404 causae
1346 1354 1592 1428 quartae
1618 1343 1837 1419 filialis,
1876 1345 2014 1407 item

98 1428 920 1517 percussionesclericorum,
954 1440 1014 1490 et
1045 1427 1354 1490 mulierum
1374 1425 1597 1513 judicia
1627 1429 2015 1492 Eclesiastica

10 1535 12 1538 ’
97 1529 421 1602 tangentes
473 1515 545 1579 ad
590 1515 781 1578 forum
830 1512 1264 1577 eclesiasticum
1310 1512 1562 1577 debeant
1617 1515 1930 1601 pertinere.
1963 1523 2013 1595 2)

9 1628 11 1630 “
98 1606 249 1665 Item
282 1602 604 1665 violatores
635 1600 960 1685 virginum,
1005 1598 1342 1674 mulierum,
1391 1598 1817 1677 adulterorum,
1853 1600 2014 1663 adul-

97 1700 385 1765 terarum,
429 1688 545 1750 nisi
577 1685 898 1750 extendant
927 1708 994 1748 se
1017 1683 1090 1746 ad
1115 1683 1430 1769 sanguinis
1463 1684 1834 1759 effusionem3
1875 1686 2014 1749 item

98 1797 315 1837 causae
364 1772 848 1836 testamentariae
891 1769 1162 1832 similiter
1210 1768 1282 1832 ad
1331 1770 1522 1833 forum
1580 1772 2011 1834 eclesiasticum

8 1873 13 1875 “
97 1859 531 1946 dignoscuntur
570 1857 900 1946 pertinere3
962 1854 1074 1918 hoc
1115 1867 1313 1918 tamen
1351 1855 1689 1933 declarato,
1759 1855 1913 1944 quod
1961 1858 2013 1919 si

98 1968 278 2007 causa
316 1944 717 2008 adulterorum
755 1943 1102 2020 intentatur,
1128 1940 1471 2004 civiliter:
1523 1941 1597 2005 ad
1625 1942 1815 2005 forum
1862 1943 2011 2007 ecle-

97 2029 429 2105 siasticum3
487 2031 539 2092 si
579 2051 721 2092 vero
764 2026 1259 2090 criminaliter:
1310 2026 1384 2088 ad
1419 2025 1706 2112 judicium
1744 2028 2013 2091 seculare

97 2115 474 2203 dignoscitur
503 2115 861 2203 pertinere.“
914 2114 985 2175 In
1016 2111 1452 2197 cognoscendis
1491 2112 1692 2176 causis
1738 2112 1833 2175 his
1874 2113 2012 2200 Epi-

2 2202 6 2207 ’
97 2202 264 2289 scopi
290 2200 698 2276 Vicariorum,
730 2195 1419 2282 Archidiaconorumque
1458 2221 1700 2262 suorum
1729 2211 1788 2261 et
1827 2201 2011 2261 Paro-

97 2287 337 2350 chorum
377 2309 586 2373 opera;
609 2293 658 2364 3)
704 2284 766 2346 in
803 2281 1140 2345 decidendis
1159 2285 1296 2367 jure
1327 2282 1641 2347 Pontificio
1671 2307 1777 2371 pro
1800 2303 2004 2346 norma

96 2376 190 2435 usi
230 2385 387 2435 sunt.

231 2560 278 2620 2)
325 2558 512 2608 Causae
536 2558 584 2607 in
614 2558 740 2607 facto
773 2556 1073 2608 decimarum
1107 2571 1163 2605 ex
1193 2562 1283 2605 art.
1314 2553 1367 2604 5.
1401 2552 1558 2604 1222
1599 2552 1691 2604 12.
1724 2550 1876 2604 1231
1910 2522 2006 2604 37'.

102 2641 255 2694 1291
293 2644 354 2694 ad
396 2644 635 2694 Comitem
677 2642 1004 2708 parochialem
1045 2639 1359 2706 spectabant,
1407 2641 1548 2690 etiam
1583 2640 1851 2690 secundum
1883 2640 2009 2689 hanc

96 2729 321 2779 Ladovici
365 2730 541 2794 legem.
597 2728 878 2779 Abstractae
920 2727 979 2777 ab
1020 2743 1078 2776 eo
1121 2742 1210 2792 per
1255 2736 1345 2776 art.
1381 2723 1436 2775 9.
1476 2720 1667 2787 145&
1715 2741 2007 2790 rursumque

99 2831 142 2865 a.
182 2812 340 2865 1608
372 2814 641 2865 restitutae.

230 2896 281 2970 3)
325 2901 442 2951 Vide
472 2901 617 2951 etiam
649 2901 793 2950 form.
830 2900 920 2950 sol.
955 2899 1062 2965 styli
1093 2896 1369 2948 Kovachich
1401 2911 1449 2959 p.
1491 2892 1587 2946 53.

938 3096 980 3173 ,ς
1029 3097 1166 3156 155.

437 3249 780 3301 auctoritas
827 3249 1267 3300 sententiarum
1312 3242 1656 3311 hujusmodi

266 3402 456 3477 Quam
480 3399 732 3463 Carolus
761 3402 845 3461 M.
871 3410 1167 3482 tamquam
1190 3393 1566 3482 principalem
1596 3388 2005 3455 administran-

0 3537 5 3549 ,
98 3484 205 3548 dae
232 3483 617 3548 Monarchiae
648 3484 861 3548 iterum
890 3482 1218 3566 iterumque
1251 3482 1467 3565 repetit
1503 3478 1696 3562 legem
1732 3488 1838 3553 „ut
1864 3477 2001 3563 Epi-
