2384 3886
365 175 497 229 21⁰

371 312 646 395 deinceps
688 331 833 370 usus
869 307 953 368 ita
982 305 1365 381 inveteravit,
1429 318 1493 368 ut
1539 304 1804 390 sigillum
1854 327 2186 390 quoquere
2236 306 2299 367 ni

371 418 488 458 sec.
527 397 703 456 XIV.
743 400 822 472 (a.
862 396 1057 470 1385)
1092 390 1408 476 sigillum
1451 389 1976 475 regnicolarum
2013 328 2297 454 inscr’be-

373 491 610 549 retum)
638 481 837 554 Quare
863 475 935 538 de
962 474 1076 539 hoc
1104 477 1284 550 satis3
1320 500 1453 538 nam
1478 475 1764 538 vocabula
1799 498 2030 561 quoque
2053 476 2300 549 nonnul-

371 567 447 641 la,
481 587 631 650 quae
665 585 848 649 supra
870 562 1207 648 attigimus,
1246 561 1360 624 hoc
1384 560 1665 648 explicari
1689 562 1818 624 loco
1850 561 2070 623 volunt.
2099 561 2304 625 Labor

372 672 654 736 perquam
681 648 968 723 difficilis,
1037 645 1108 710 de
1148 670 1262 734 quo
1299 660 1524 723 tamen,
1564 671 1638 710 ne
1686 645 1880 710 officia
1918 669 2050 708 mea
2093 669 2301 733 expro-

374 737 551 799 brare
589 733 830 813 videar,
877 732 1019 796 nihil
1067 732 1384 820 praesabor
1425 731 1611 809 aliud,
1660 755 1832 818 quam
1880 755 1999 794 non
2049 754 2141 794 me
2166 756 2301 820 poe-

372 821 562 884 nitere
591 833 874 906 quantum
896 842 965 883 eo
988 842 1228 881 emenso
1270 817 1330 879 in
1371 842 1438 881 re
1481 818 1856 916 profecerim,
1917 817 2045 880 sine
2081 840 2197 905 qua
2229 816 2302 880 ad
2355 830 2360 858 '-

375 906 704 970 Historiam
730 910 945 969 Status
974 903 1192 990 publici
1223 907 1574 986 Hungariae
1593 903 1815 967 veteris
1835 902 2039 990 profici
2069 903 2304 966 omnino
2340 960 2349 963 s

376 991 520 1054 nihil
563 1004 779 1078 potest.
855 995 947 1054 Ex
991 989 1064 1050 iis
1111 1012 1324 1050 nomen
1369 988 1712 1051 Comitum
1758 989 1877 1052 late
1934 1000 2123 1076 patet3
2182 992 2304 1052 Jo-

378 1077 748 1163 bagionum
786 1089 958 1138 vetus
994 1073 1299 1135 latissime.
1346 1077 1440 1135 De
1470 1071 1580 1135 hac
1615 1074 1803 1160 igitur
1834 1073 2025 1161 prius;
2060 1087 2197 1162 post
2235 1074 2306 1138 de

376 1162 766 1225 Comitibus
809 1173 878 1224 et
912 1158 1303 1222 Nobilibus
1340 1158 1643 1245 quaedam.

376 1317 658 1367 hominibus
705 1316 916 1376 (civibus
969 1315 1255 1381 simpliciter
1293 1323 1341 1366 et
1384 1305 1488 1366 sinc
1527 1316 1826 1382 adjectione)
1876 1322 2071 1367 constat
2108 1315 2303 1378 Civium,

383 1403 470 1452 sed
519 1402 662 1452 etiam
709 1402 944 1466 specie,
1007 1402 1057 1451 id
1107 1408 1206 1451 cst:
1265 1402 1435 1451 ordine
1483 1409 1532 1452 et
1577 1402 1772 1452 fortuna
1813 1408 1861 1460 et
1907 1395 2130 1454 instituto
2181 1402 2305 1452 vitae

383 1487 784 1538 differentibuS.“
840 1487 1030 1537 Ibidem
1072 1487 1175 1548 „Et
1215 1503 1329 1537 vero
1367 1487 1557 1538 videtur
1595 1495 1700 1539 tum
1736 1488 1935 1554 proprie
1967 1488 2145 1538 Civitas
2175 1502 2304 1547 csse,

385 1589 498 1623 cum
530 1573 711 1637 evcnit,
759 1579 814 1622 ut
850 1573 1177 1623 multitudinis
1217 1573 1427 1623 societas
1467 1574 1569 1624 suis
1599 1574 1706 1639 ipsa
1736 1573 1912 1639 opibus
1943 1581 1992 1623 et
2021 1573 2176 1639 copiis
2215 1589 2308 1624 cu-

380 1660 579 1720 mulata,
627 1665 773 1724 atque
810 1666 1039 1709 contenta
1069 1658 1251 1708 vivat.“
1297 1659 1432 1708 Idem
1470 1659 1504 1709 l.
1533 1659 1610 1709 lV.
1644 1675 1690 1709 c.
1716 1656 1774 1709 6.
1808 1658 2028 1710 Cinnum
2065 1675 2154 1710 seu
2191 1673 2306 1725 per-

379 1744 659 1795 mistionem
707 1744 1026 1810 locupletium
1059 1751 1108 1794 et
1134 1760 1409 1810 pauperum
1445 1760 1555 1794 esse
1585 1743 1852 1810 politicam.

513 1833 563 1893 ⁴)
608 1831 740 1880 Vest.
777 1830 919 1880 Com.
962 1846 1074 1896 pag.
1119 1827 1235 1879 251
1282 1829 1438 1880 Praef.
1473 1829 1674 1896 Regnic.
1709 1830 1770 1880 ad
1800 1829 1946 1880 Decr.
1978 1829 2159 1880 Alherti
2187 1834 2217 1890 S
2245 1823 2304 1879 4.

382 1916 528 1966 Decr.
561 1916 698 1966 Vlad.
731 1916 772 1966 Ι.
805 1915 1010 1966 Joannis
1041 1915 1157 1965 item
1185 1916 1243 1964 de
1273 1915 1477 1980 Hunyad
1511 1917 1715 1977 „dmum
1747 1932 1791 1965 a.
1832 1909 1991 1966 1446
2023 1915 2074 1965 in
2105 1915 2311 1980 amplis-

383 2001 507 2051 sima
540 2001 875 2051 Praelatorum
906 2007 956 2050 et
985 2001 1236 2051 Baronum
1275 2007 1322 2051 et
1359 2001 1821 2067 Regnicolarum
1868 2001 2305 2067 congregatione.“

384 2086 612 2152 Diploma
643 2086 950 2152 inaugurale‚
995 2086 1126 2151 quod
1156 2086 1294 2136 Ulad.
1328 2085 1389 2136 ΙΙ.
1425 2102 1515 2152 pro
1547 2087 1646 2137 filio
1678 2103 1768 2136 suo
1800 2085 1965 2137 edidit.
2006 2086 2079 2137 Ex
2108 2086 2185 2136 his
2216 2101 2309 2151 pa-

380 2178 452 2222 tet
487 2187 670 2222 nomen
707 2172 1198 2237 Regnicolarum‚
1252 2171 1442 2237 adjecto
1474 2172 1837 2238 Hungariae,
1883 2173 1956 2222 vel
1986 2172 2309 2222 universo—
2376 2232 2379 2238 .

380 2273 533 2319 rum,
581 2263 689 2320 aut,
739 2258 873 2323 quod
903 2257 1034 2308 idem
1065 2263 1232 2318 notat,
1297 2258 1585 2323 majorum
1630 2265 1679 2308 et
1716 2258 2010 2308 minorum
2057 2256 2318 2323 epithetiS‚'

382 2358 643 2409 regnum
683 2344 1079 2405 universum3
1128 2358 1218 2408 per
1255 2359 1308 2392 se
1339 2344 1556 2409 positum
1588 2344 1677 2407 (ita
1713 2359 1827 2394 vero
1869 2327 2122 2409 comparet
2162 2343 2307 2393 etiam

382 2435 474 2479 art.
513 2427 608 2479 10.
647 2427 806 2480 1687
846 2435 876 2490 S
908 2427 994 2498 7.)
1027 2429 1531 2480 Communitatem
1565 2429 1902 2490 Nobilium,
1951 2429 2209 2490 Civium,
2251 2434 2308 2478 et

383 2514 638 2565 aliorum
694 2514 969 2581 cujusvis
1024 2521 1218 2565 status
1265 2522 1322 2566 et
1366 2515 1743 2577 conditionis
1809 2515 2115 2566 hominum
2157 2529 2334 2581 pos-,

384 2601 871 2652 sessionatorum
918 2591 1217 2666 significare,
1266 2588 1460 2666 hocque
1492 2617 1643 2652 sensu
1672 2601 1834 2667 vigere
1863 2601 2125 2667 hodieque.

726 2811 782 2869 1.
837 2808 939 2871 De
984 2812 1408 2890 appellatione
1451 2810 1931 2891 Jobbayionum..

1251 2998 1293 3072 §
1339 3001 1435 3056 27.

1075 3150 1150 3198 De
1197 3156 1386 3214 etymo
1432 3151 1611 3200 vocis.

556 3303 636 3363 Et
682 3299 950 3362 vocabuli
995 3296 1224 3385 quidem
1255 3301 1299 3379 J
1313 3298 1395 3361 ob
1415 3299 1801 3385 hagionum
1840 3311 2081 3385 etymon
2108 3298 2314 3386 ipsum,

388 3384 577 3447 adhuc
612 3385 670 3447 in
704 3384 1110 3449 controversia
1150 3397 1261 3447 est.
1335 3384 1459 3448 Alii
1502 3384 1613 3449 hoc
1648 3389 1817 3449 Duce
1855 3383 2204 3450 Cornidesio
2228 3405 2302 3445 ex

385 3470 544 3531 Jobb
577 3470 838 3553 (melior)
877 3484 935 3534 et
968 3474 1092 3557 agy
1135 3477 1395 3551 (torus),
1448 3483 1514 3534 ut
1558 3470 1609 3534 si
1651 3470 1836 3535 dicas:
1883 3469 2150 3547 meliore,
2198 3492 2301 3533 no·
2352 3533 2370 3541 ⁴
