2384 3886
1953 217 2038 273 93

111 356 629 444 phyrogennetam
650 366 1133 438 ,auctoremque
1168 355 1472 418 Sinaxarii
1495 354 1765 432 'veteriS,
1811 353 1884 418 de
1923 377 2039 440 quo

105 465 290 529 supra
334 441 624 518 diximus,
681 461 911 502 nomen.
986 439 1286 500 Acerrimi
1347 437 1709 526 aliquamdiu
1750 439 2040 523 Byzanti-

11 557 14 560 ·
106 550 317 590 norum
369 525 607 603 hosteS,
669 534 882 610 postea
929 522 1277 585 Justiniano
1313 523 1389 585 ad
1437 524 1875 611 propulsandos
1924 527 2042 586 Im-

37 640 39 642 ·
106 610 277 698 perii,
322 634 439 696 qua
478 610 591 672 hoc
621 630 837 671 versus
870 605 1177 669 Maeotida
1207 610 1588 694 Pontumque
1615 608 1904 695 procurit,
1933 607 2043 669 ini-

107 695 294 759 micos
364 716 601 779 operam
641 714 810 756 suam
869 691 1063 777 pacti,
1129 692 1456 777 praelium,
1515 693 1603 757 uti
1660 705 2041 768 convenerat,
2140 715 2144 720 ’

107 803 237 844 611111
262 777 612 864 quibusdam
681 780 1036 839 Hunnorum
1093 775 1480 839 Atilanorum
1517 777 1787 863 reliquiis
1836 801 2044 841 conse-

104 865 303 927 ruisse
332 863 638 938 feruntur,
687 861 795 925 sed
829 864 1000 946 cujus
1034 860 1136 923 ille
1174 860 1355 923 fuerit
1387 861 1619 938 exitUS,
1666 875 1732 925 ut
1760 886 1878 924 una
1917 862 2044 925 dies

104 947 344 1012 eosdem
368 959 429 1009 et
450 945 748 1010 hostes'et
770 946 993 1008 amicos
1029 945 1291 1022 videret,
1341 946 1630 1032 alterique
1665 947 1860 1031 juncti
1899 948 2043 1008 alte-

104 1032 190 1093 ris
230 1031 289 1092 in
325 1030 571 1094 eandem
602 1032 786 1116 vulgo
821 1034 1095 1094 Avarum
1125 1043 1368 1115 gentem
1402 1032 1826 1097 coalescerent.
1859 1035 2046 1096 Hanc

105 1115 314 1179 deinde
344 1115 651 1178 Alhuinus
681 1119 814 1178 Rex
843 1114 1406 1199 Longobardorum,
1442 1117 1541 1201 qui
1571 1115 1801 1179 exactis
1827 1115 2047 1180 Gothis

104 1199 451 1262 Pannoniae
498 1200 945 1276 dominabatur,
1004 1199 1489 1285 Gepidarumque
1547 1200 1791 1263 liberari
1831 1200 2048 1262 vicinia

107 1284 459 1368 satagebat,
519 1283 594 1346 ad
641 1283 925 1347 socianda
959 1282 1075 1344 sibi
1115 1307 1280 1345 arma
1323 1285 1596 1361 vocavit,
1643 1284 2047 1371 decimamque

106 1381 337 1456 partem
359 1368 826 1455 quadrupedum,
862 1391 1014 1454 quae
1039 1381 1248 1430 essent
1271 1369 1426 1455 apud
1452 1370 1919 1454 LongobardOS,
1946 1393 2046 1431 ex-

106 1454 325 1550 templo
391 1453 741 1516 tradendam
785 1465 846 1515 et
899 1453 952 1514 si
984 1452 1227 1515 fortuna
1265 1453 1697 1539 subscripserit
1735 1454 1925 1532 votiS,
1963 1454 2047 1517 di—

107 1538 347 1601 midiam
398 1538 811 1601 manubiarum
864 1538 1132 1624 partem,
1191 1550 1497 1622 totamque
1542 1538 1909 1625 Gepidarum
1954 1563 2047 1602 re—

110 1622 352 1709 gionem
381 1623 457 1685 iis
493 1622 814 1687 cedendam
844 1622 1174 1710 pollicitus,
1213 1629 1265 1703 2)
1317 1622 1493 1685 fidem
1545 1623 1743 1687 datam
1798 1647 1866 1687 re
1919 1624 2051 1710 ipsa

109 1708 347 1771 exolvit.

245 1895 292 1953 2)
337 1892 411 1942 Ex
441 1893 559 1944 hist.
593 1893 847 1945 Menandri
877 1894 1180 1945 Protectoris
1211 1895 1262 1945 in
1293 1894 1491 1959 Byzant.
1532 1893 1660 1944 Hist.
1706 1893 1886 1958 Script.
1929 1893 2046 1943 edit.

0 1985 1 1988 ’
110 1977 263 2028 Paris·
311 1993 361 2043 p.
402 1975 540 2027 110.

11 3297 21 3339 ‘l

17 3337 24 3369 l

0 3381 26 3459 t

0 3460 14 3496 ,ἕ

899 2195 901 2197 ·
985 2157 1173 2233 §31.
1265 2241 1273 2257 .

713 2323 979 2376 Avariam
1011 2323 1442 2374 condiderunt.

285 2480 388 2563 Ab
431 2481 776 2559 Avaribus,
822 2482 923 2568 qui
957 2497 1032 2547 ex
1063 2495 1238 2568 pacto
1287 2481 1401 2547 hoc
1436 2483 1627 2548 Dacia
1662 2483 1868 2570 potiti,
1914 2495 2052 2569 post

115 2564 217 2627 ubi
245 2566 638 2650 Longohardi
669 2590 778 2652 per
807 2570 1138 2630 Narsetem
1174 2567 1235 2629 in
1271 2568 1506 2630 Italiam
1545 2568 1775 2631 evocati
1807 2590 2052 2654 posses-

117 2650 284 2713 sione
325 2650 673 2714 Pannoniae
707 2651 1148 2728 decessissent,
1195 2651 1351 2714 hanc
1388 2675 1622 2738 quoque
1653 2653 1768 2715 sibi
1795 2675 1905 2739 per
1931 2674 2051 2713 ma-

118 2758 232 2798 nus
262 2733 689 2821 quodammodo
719 2736 1000 2799 traditam
1050 2749 1426 2823 acceperunt,
1460 2737 1616 2800 omni
1651 2737 1791 2801 huic
1815 2736 2054 2821 regioni

117 2822 226 2882 Av
242 2819 436 2882 ariae
472 2819 742 2883 adhaesit
764 2844 995 2885 nomen.
1040 2821 1407 2885 Teritorium
1438 2820 1646 2908 hujuS,
1696 2821 1898 2884 Slavis
1927 2825 2053 2885 Ve-

117 2903 291 2968 nedis
325 2904 428 2984 (ad
457 2907 729 2971 Dravum
767 2905 858 2983 hi,
906 2909 1166 2982 Savum,
1212 2910 1570 2992 Muramque
1611 2907 1913 2986 colebant)
1957 2905 2054 2969 de-

57 3007 69 3014 *
120 2989 388 3065 bellatis,
445 3012 556 3054 nec
591 2992 777 3054 multo
824 3004 963 3078 post
1014 2991 1317 3054 Dalmatia
1368 3015 1602 3078 quoque
1653 2992 2057 3055 mediteranea

122 3073 403 3148 subacta,
445 3075 796 3168 ‘prolatum3
856 3075 969 3138 hac
1007 3089 1207 3139 tamen
1234 3089 1405 3163 parte
1431 3077 1634 3140 seculo
1662 3081 1800 3140 VII.
1826 3075 2055 3162 adoles-

14 3170 20 3242 ξ
123 3169 293 3220 cente
337 3179 597 3219 acclsum
641 3182 886 3231 rursus;
943 3161 1101 3246 quod
1138 3161 1306 3224 Slavi
1349 3161 1614 3224 libertati
1659 3184 1726 3223 se
1782 3184 2056 3246 asserue-

10 3263 23 3296 i·
122 3255 287 3318 rant,
321 3242 624 3304 Dalmatia
644 3267 815 3316 vero,
853 3245 1116 3308 secunda
1144 3246 1411 3309 Heraclii
1441 3251 1586 3332 Imp.
1619 3247 1926 3308 voluntate
1951 3268 2059 3331 per

125 3325 463 3389 Chrobatos
516 3340 804 3413 occupata
849 3342 961 3391 est.
1027 3333 1341 3393 Jacturam
1390 3329 1529 3392 hinc
1587 3342 1889 3415 acceptam
1925 3331 2054 3392 fini-

126 3411 240 3475 bus
296 3410 536 3487 deinde,
601 3434 718 3496 qua
751 3411 1209 3477 hioccidentem
1245 3415 1596 3501 spectabant
1636 3414 1855 3492 solem,
1922 3439 2059 3501 pro-

127 3495 319 3558 tensis
360 3509 733 3581 repararunt.
798 3499 1010 3581 Itaque
1049 3498 1297 3575 factum,
1356 3511 1422 3561 ut
1458 3499 1702 3562 ineunte
1731 3523 1849 3563 sec.
1882 3503 2057 3563 VIII.
