2384 3886
369 211 494 268 218

369 352 414 412 J
425 348 504 411 ob
517 348 927 432 hagionum“
949 352 1001 425 2)
1024 368 1132 408 seu
1153 346 1310 432 quod
1329 346 1647 409 Ladislaus
1668 349 1778 409 lV.
1798 347 2067 433 apposite
2083 348 2279 413 dicere

369 431 600 495 solebat
639 431 998 518 „primorum
1013 479 1029 508 ,
1083 454 1358 495 verorum
1395 444 1455 495 et
1490 431 1842 495 naturaliter
1883 434 2281 496 Servientium

365 517 721 601 Regalium“
748 523 799 598 3)
851 539 1124 579 verorum
1169 515 1419 603 denique
1465 516 1746 580 nobilium
1793 517 2279 581 exercituantium

363 601 654 665 Ludovici
675 605 720 663 Ι.
747 601 1029 680 ordinem,
1055 601 1588 688 aJobbagionihus
1611 601 1795 665 castri
1817 614 1929 664 art.
1944 605 2121 666 xlx.
2138 603 2280 666 Bul-

363 687 456 750 lae
479 710 696 751 aureae
717 685 875 751 And.
895 691 994 765 11,
1021 711 1205 751 sensu
1233 689 1444 751 stricto
1472 687 1752 775 acceptiS,
1778 687 2279 774 distinguendum.

496 871 548 942 2)
579 873 650 922 Ita
686 888 973 938 proceres
1010 872 1339 937 Jobbagiones
1381 872 1539 922 Castri
1579 872 1761 923 Poson.
1795 873 1855 923 de
1875 872 2017 938 ‘Nyek
2046 871 2165 922 Lad.
2198 872 2275 923 lv.

365 957 447 1020 (C.
480 957 540 1008 D.
573 959 627 1008 V.
663 954 718 1008 3.
751 974 802 1024 p.
838 954 985 1020 253)
1019 958 1383 1022 interpretatur.

497 1042 549 1112 3)
591 1043 648 1093 C.
689 1044 747 1093 D.
788 1045 841 1093 V.
885 1039 940 1093 3.
981 1059 1031 1108 p.
1068 1038 1188 1093 357
1233 1042 1442 1103 „eadem
1481 1043 1703 1093 fruantur
1739 1042 1974 1093 libertatis
2011 1058 2280 1108 praeroga-

363 1128 482 1190 tiva,
530 1144 624 1193 qua
653 1129 776 1189 veri,
821 1127 967 1193 primi
1006 1134 1054 1177 et
1089 1127 1454 1178 naturaliter
1491 1128 1827 1178 servientes
1865 1127 2114 1193 Regales
2154 1144 2279 1193 gau-

363 1213 558 1263 debant.
605 1214 714 1262 Jam
744 1220 884 1263 antea
914 1212 1040 1263 idem
1073 1213 1126 1261 V.
1163 1210 1218 1262 2.
1251 1229 1301 1278 p.
1348 1207 1467 1262 544-
1507 1213 1732 1275 eosdem,
1779 1220 2027 1278 tamquam
2060 1229 2199 1263 veros
2229 1221 2279 1263 et

363 1298 664 1348 naturales
709 1298 1042 1348 servientes
1079 1304 1322 1348 nostros
1353 1298 1627 1364 RegaleS,
1674 1299 1799 1349 ultra
1837 1298 2047 1364 Dravum
2088 1299 2279 1349 consti-

362 1390 519 1445 tutos,
561 1383 698 1449 juxta
728 1383 999 1435 libertatem
1031 1384 1302 1434 eorundem
1332 1383 1577 1434 Nobilium
1608 1384 1834 1435 duximus
1867 1384 2167 1436 eximendos·

1221 1593 1264 1669 §
1307 1597 1407 1653 32.

360 1789 460 1824 seu
492 1772 922 1835 Bellatoribus,
956 1773 1398 1834 ServientibuS,
1438 1772 2029 1839 exercitualibusque
2060 1773 2270 1835 castri,

840 1865 896 1908 et
934 1859 1167 1924 reliquo
1208 1859 1432 1925 populo
1474 1859 1801 1921 castrensi,
2171 1871 2174 1873 ’

528 2018 628 2096 Ηί,
663 2017 818 2105 quod
849 2019 1062 2104 partim
1100 2020 1299 2097 armis,
1331 2021 1544 2105 partim
1579 2013 1759 2106 opera
1792 2019 2021 2083 rustica
2050 2019 2139 2082 rei
2167 2018 2272 2082 mi-

357 2103 516 2167 litari
557 2104 984 2181 inserviebant,
1025 2103 1275 2191 primos,
1312 2127 1487 2167 veros
1511 2117 1582 2172 ,et
1610 2105 1961 2168 naturaliter
1991 2103 2272 2169 Servien-

356 2203 452 2253 tes
474 2190 738 2275 Regales
769 2189 962 2276 gradu
1005 2188 1237 2276 quidem
1268 2189 1562 2253 libertatis
1583 2189 1858 2276 proximi,
1883 2189 1990 2254 sed
2015 2187 2168 2276 quod
2198 2214 2272 2254 ex

355 2275 628 2338 instituto
655 2275 707 2339 d.
725 2273 1018 2361 Stephani
1042 2276 1229 2338 solam
1265 2275 1439 2338 modo
1466 2275 1930 2361 possessionem,
1954 2299 2073 2339 non
2094 2276 2270 2339 etiam

353 2361 671 2424 dominium
702 2360 992 2424 haberent
1021 2384 1303 2448 agrorum
1328 2360 1772 2447 assignatorum
1801 2361 1936 2438 sibi,
1967 2360 2124 2424 haud
2150 2384 2270 2424 mo-

353 2445 482 2511 dico
514 2447 825 2510 intervallo
861 2446 1113 2534 proximi
1154 2447 1582 2534 sequebantur,
1618 2447 1803 2533 justis
1836 2446 1996 2510 intra
2028 2469 2270 2532 sequo-

354 2556 467 2619 que
502 2533 713 2620 spatiis
748 2532 936 2595 divisi.
989 2532 1236 2597 Priores
1272 2545 1442 2597 erant
1475 2533 1861 2596 bellatores
1899 2539 1946 2613 1)
1984 2556 2092 2596 seu
2127 2536 2270 2596 Ser-

352 2618 583 2682 vientes
610 2620 812 2697 castri,
835 2618 934 2705 qui
951 2619 1109 2682 ultra
1132 2642 1346 2682 munus
1369 2618 1630 2696 militiae,
1657 2619 2008 2695 descensum
2037 2641 2269 2706 quoque

354 2703 569 2768 Comiti
599 2705 781 2768 castri
810 2705 1262 2792 praestiterunt,
1295 2705 1512 2768 idcirco
1542 2704 1603 2767 in
1633 2705 1948 2768 vernaculo
1987 2704 2267 2768 Szallas

354 2789 495 2852 ado
540 2790 952 2877 Jobbagyfiak
977 2840 993 2868 ,
1059 2791 1163 2854 filii
1214 2791 1619 2878 Jobagionum
1673 2790 2024 2854 descensum
2077 2789 2269 2871 (hunc

488 3000 535 3074 ¹)
581 3004 776 3070 Regest.
809 3006 980 3055 Varad.
1022 3021 1159 3055 num.
1206 3004 1300 3056 10.
1350 3006 1562 3066 „Petrus
1600 3005 1836 3071 Joubagio
1878 3005 2036 3056 Castri
2073 3005 2265 3056 Borsod

350 3087 557 3156 impetiit
595 3090 949 3141 Castrenses
992 3090 1211 3156 ejusdem
1252 3091 1408 3141 Castri
1441 3098 1535 3141 cet.
1570 3092 1701 3156 quod
1732 3091 1946 3142 officium
1978 3107 2147 3141 eorum
2180 3107 2265 3141 es-

352 3183 425 3225 set
455 3191 732 3226 carceres
763 3177 1100 3238 custodire;
1139 3177 1205 3226 illi
1235 3183 1398 3227 autem
1430 3177 1678 3238 dixerunt,
1722 3178 1851 3243 quod
1890 3176 2111 3227 milites
2151 3176 2263 3242 qui-

351 3261 461 3310 dem
501 3262 699 3314 Castri
738 3270 905 3331 essent
942 3255 1000 3312 ad
1041 3261 1539 3327 belligerandum,
1582 3279 1682 3312 non
1721 3264 1781 3313 ad
1812 3277 2057 3313 carcerem
2089 3269 2263 3313 custo-

352 3345 641 3397 diendum.“
689 3347 811 3398 lbid.
855 3364 992 3399 num.
1036 3342 1135 3398 44.
1187 3348 1430 3408 „Quidam
1472 3348 1706 3414 impetiti,
1755 3349 1886 3414 quod
1916 3353 2259 3398 castrenses

351 3439 533 3493 essent,
583 3434 904 3484 castrensium
935 3434 1254 3501 pensione,
1302 3450 1510 3494 censu,
1558 3434 1830 3497 debitores;
1863 3450 1890 3484 e
1921 3439 2090 3484 contra
2119 3431 2259 3482 dixe·
2318 3431 2325 3437 ’
2372 3446 2377 3453 ¹

350 3522 487 3563 runt:
538 3532 589 3564 se
620 3532 717 3566 non
751 3518 1040 3570 Castrenses
1071 3535 1199 3579 esse,
1242 3521 1326 3570 sed
1361 3515 1562 3570 Castri
1593 3519 2059 3585 Jobbagiontesst‘
