2384 3886
1935 215 2015 269 73

10 395 15 402 -
91 348 287 431 utilis,
324 347 393 409 ad
438 371 685 434 scopum
717 370 858 411 vero
898 348 1238 433 praesentis
1279 349 1478 435 operis
1512 372 1658 411 sane
1690 372 1864 434 quam
1891 373 2015 412 ma—

88 432 243 496 xime
262 432 582 518 frugifera3
615 433 765 518 quod
803 431 917 494 hoc
964 432 1341 517 potissimum
1373 434 1710 518 adjumento
1759 434 2014 519 primum

87 516 591 602 domesticumque
646 515 817 579 Juris
861 514 1176 600 hungarici
1234 517 1617 603 principium,
1686 518 1746 579 in
1796 519 2015 580 nativis

86 602 352 664 moribus
381 600 705 687 repositum
746 599 906 684 quod.
935 612 1055 676 est,
1127 601 1490 676 elucubrari,
1550 625 1872 688 eorumque
1919 627 2014 666 re-

85 685 206 748 felli
237 696 626 748 commentum
660 684 876 768 possit,
925 683 1023 769 qui
1059 683 1378 747 traditione
1406 685 1509 746 illa
1542 686 1801 748 studium
1835 688 2013 773 prim-

87 770 255 832 ordia
282 791 481 832 rerum
513 767 977 852 hungaricarum
1025 768 1426 854 splendidiora
1462 769 1747 832 reddendi
1786 772 2014 834 involu-

84 866 208 916 tum
243 852 608 915 cavillantur.
652 855 744 915 At
777 853 931 915 enim
962 866 1103 915 sunt
1132 852 1280 914 haec
1309 875 1418 937 per
1452 876 1520 916 se
1564 856 1884 937 magnifica
1918 880 2013 918 sa-

82 937 183 1013 tis,
230 960 419 1022 neque
450 937 567 998 ullo
607 937 794 1023 plagii
825 960 1052 1022 genere
1090 960 1240 1022 opus
1279 936 1529 1014 habent,
1597 951 1664 1001 ut
1697 940 2014 1024 splendore

82 1045 193 1083 suo
248 1021 608 1083 scribentem
658 1022 913 1084 obruant
942 1071 957 1099 ,
1034 1035 1094 1086 et
1149 1021 1654 1084 modestissimum
1722 1047 2013 1109 quemque

79 1104 330 1168 reddant
364 1105 686 1182 solicitum,
734 1129 807 1168 116
845 1107 981 1169 dum
1015 1131 1051 1169 a
1081 1107 1468 1192 conjecturis,
1517 1107 2013 1194 opinionibusque

81 1189 250 1252 vanis
289 1189 363 1251 ad
404 1190 717 1253 veritatem
757 1215 1043 1254 revocare
1081 1192 1370 1254 rationem
1412 1191 1648 1268 nititur,
1703 1193 1760 1254 in
1797 1216 2013 1279 panae-

80 1274 282 1359 gyrim
327 1274 668 1338 incumbere
710 1275 854 1337 viris
896 1277 1219 1362 praenimis
1270 1276 1462 1338 doctis
1503 1275 1790 1338 videatur.
1859 1277 2014 1339 Mihi

80 1371 280 1421 autem
315 1360 685 1446 propositum
730 1373 825 1422 est
864 1384 964 1422 res
999 1365 1384 1436 Hunnorum,
1433 1360 2013 1446 Varchunorumque

81 1444 414 1506 summatim
447 1457 506 1507 et
539 1469 609 1507 ea
645 1445 838 1508 solum
868 1457 1060 1531 parte,
1109 1468 1225 1530 qua
1265 1445 1338 1507 ad
1376 1446 1811 1530 primaevorum
1842 1446 2013 1508 insti-

78 1540 342 1591 tutorum
395 1529 599 1614 gentis
655 1542 898 1593 nostrae
942 1530 1209 1613 origines
1252 1530 1643 1614 retegendaS,
1692 1531 2013 1615 eademque

71 1635 261 1699 opera
302 1613 709 1676 affirmandam
760 1627 820 1677 et
864 1615 1087 1677 veteris
1134 1614 1472 1677 traditionis
1520 1614 1680 1676 illius
1727 1614 1900 1677 fidem
1953 1627 2014 1676 et

79 1698 427 1761 Sententiae
475 1698 844 1762 celeberrimi
888 1699 1223 1762 Hallamii
1267 1699 1681 1763 auctoritatem
1735 1707 1785 1779 3)
1826 1698 2014 1787 perti-

77 1795 240 1860 nent,
287 1784 605 1868 attingere.

256 1970 303 2029 3)
350 1967 409 2017 Ο.
450 1984 495 2017 c.
535 1970 629 2019 vol.
680 1967 732 2018 1.
772 1985 823 2034 p.
865 1967 964 2018 21.

440 2219 575 2307 De
639 2219 1045 2308 moribus
1109 2225 1664 2309 Hunnorum.

977 2425 1120 2501 §z

514 2576 762 2641 Propria
794 2592 997 2626 eorum
1029 2577 1403 2626 consiliandi
1434 2577 1591 2625 ratio

250 2726 407 2784 Pars
448 2719 688 2796 horum,
747 2745 856 2784 seu
894 2743 1002 2806 per
1053 2725 1345 2806 Saporem
1387 2725 1617 2806 Regem
1664 2722 2013 2795 Persarum,

80 2808 238 2869 inter
274 2831 446 2892 quem
483 2819 542 2869 et
575 2807 893 2869 Valentem
924 2802 1355 2891 Imperatorem
1372 2818 1721 2891 perpetuum
1746 2804 1871 2866 sere
1892 2804 2015 2866 bel-

80 2892 201 2952 lum
251 2891 528 2967 ardebat,
575 2892 929 2967 subornata,
978 2914 1086 2953 seu
1117 2914 1232 2976 qua
1272 2891 1387 2952 alia
1443 2888 1751 2974 incognita
1813 2911 2014 2963 causa,

81 2975 237 3036 facta
289 2999 323 3036 a
378 2975 624 3060 reliquis
664 2975 973 3038 <examinis
1024 2974 1217 3036 instar
1272 2975 1648 3049 secessione,
1709 2974 1866 3035 circa
1914 2996 2015 3033 an-

81 3082 218 3120 num
258 3062 767 3144 septuagesimum
802 3073 1076 3145 quartum
1109 3083 1292 3145 supra
1318 3059 1803 3122 tercentesimum
1827 3069 2016 3118 semet

81 3146 358 3227 Europae
407 3143 763 3207 infuderunt.
837 3145 1082 3219 AlaniS,
1130 3145 1228 3228 qui
1257 3146 1415 3206 ultra
1447 3144 1711 3227 citraque
1743 3140 2016 3225 paludem

80 3227 390 3290 Maeotida
427 3227 761 3310 degebant,
820 3251 1116 3290 armorum
1161 3229 1444 3291 felicitate
1468 3227 1848 3313 superioreS,
1884 3247 2017 3284 cum

82 3311 166 3374 ita
206 3310 318 3391 hac
358 3311 454 3372 usi
489 3324 722 3384 essent,
762 3325 827 3373 ut
857 3312 1219 3374 fortissimos
1259 3336 1524 3397 quosque
1561 3323 1620 3371 et
1656 3310 1812 3372 bello
1841 3320 2016 3393 aptos

83 3395 381 3481 proficisci
428 3418 629 3458 secum
660 3395 974 3480 juberent,
1019 3420 1345 3481 prosperos
1382 3418 1582 3458 rerum
1618 3396 1678 3454 in
1709 3404 2015 3479 posterum

86 3503 315 3565 quoque
349 3502 669 3542 successus
694 3478 973 3542 habuere.
1021 3482 1270 3542 Cunctis
1299 3482 1451 3542 enim
1486 3478 1742 3565 populiS,
1771 3478 1829 3539 in
1867 3501 2016 3562 quos
