2384 3886
422 160 544 216 166

422 296 575 384 apud
631 299 960 380 Hungaros
1015 293 1163 359 adeo
1226 290 1586 381 promptum,
1631 302 1675 375 ι)
1752 307 1816 358 ut
1858 297 2016 360 intra
2079 298 2333 385 spatium

417 405 533 444 non
568 381 741 469 plane
786 379 962 441 unius
1009 379 1179 456 anni,
1227 403 1301 442 ex
1342 380 1730 444 nobilioribus
1771 381 2084 467 Hungaris
2112 383 2333 447 utrius-

419 489 530 552 que
561 488 742 530 sexus
770 463 1080 527 admodum
1109 464 1364 551 quinque
1396 466 1578 528 millia
1601 488 1813 530 nomen
1846 465 2087 531 Christo
2110 467 2333 532 darent.

419 551 589 629 Quod
625 550 761 613 dum
794 548 1125 635 Piligrinus
1164 548 1238 612 ad
1274 551 1661 615 Benedictum
1693 555 1804 616 Vl.
1848 553 2059 631 refert,
2105 553 2332 640 signifi-

418 650 513 699 cat
563 661 710 700 una:
764 635 847 698 ita
894 635 1196 698 Barbaros
1241 636 1434 699 animo
1479 662 1616 700 esse
1647 633 2163 726 comparat0s‚'ut
2196 639 2335 703 licet

419 722 609 785 adhuc
655 720 993 809 gentilitate
1046 720 1192 784 sint
1236 721 1513 806 quidam
1560 723 1853 798 detenti3
1910 723 2200 788 neminem
2244 738 2333 788 ta-

419 832 552 870 men
595 832 669 872 ex
717 807 972 870 subditis
1018 805 1144 870 suis
1178 830 1351 870 sacro
1387 807 1743 895 prohibeant
1778 810 2047 887 lavacro,
2093 833 2203 873 nec
2237 834 2333 873 sa-

417 893 689 957 cerdotes
715 891 1051 980 impediant,
1086 891 1242 978 quin,
1277 915 1391 977 quo
1413 893 1612 970 velint,
1638 893 1824 958 libere
1850 895 2332 981 proficiscantur3

416 979 567 1043 strui
597 983 722 1068 jam
762 991 821 1042 et
857 977 1145 1054 oratoria,
1193 999 1379 1061 eaque
1419 976 1645 1042 Christi
1678 1002 2002 1065 personare
2037 980 2331 1059 laudibuS,

418 1078 479 1128 et
514 1089 701 1152 paene
741 1076 1055 1127 cunctam
1097 1061 1427 1147 hungaram
1471 1065 1764 1129 nationem
1798 1065 1871 1128 ad
1898 1065 2332 1154 percipiendam

416 1150 586 1214 fidem
625 1162 892 1212 sanctam
938 1170 1222 1235 pronam
1260 1170 1414 1210 esse.
1441 1156 1490 1229 2)
1537 1153 1729 1215 Laeta
1751 1151 1919 1214 initia
1946 1150 2095 1214 haec
2112 1151 2332 1216 bellum

411 1260 517 1325 pro
550 1235 811 1298 Henrico
846 1237 1081 1296 Bavaro
1117 1244 1324 1295 contra
1355 1235 1635 1300 Ottonem
1661 1240 1739 1300 11.
1773 1249 2117 1326 susceptum
2149 1237 2331 1301 inter-

417 1321 586 1411 cepit.
638 1325 772 1384 Hoc
808 1332 946 1407 post
993 1318 1291 1382 biennium
1339 1327 1522 1401 (977)
1573 1323 1932 1412 composito,
1978 1323 2330 1410 Piligrinus,

410 1430 582 1494 quem
626 1406 856 1470 interea
901 1404 1263 1468 Benedictus
1298 1408 1409 1469 VI.
1465 1407 2047 1497 Archiepiscopum‚.
2080 1409 2237 1473 sacta
2275 1410 2330 1472 ei

409 1493 799 1582 presbyteros
853 1503 913 1554 et
972 1490 1285 1580 episcopos
1343 1489 1405 1553 in
1460 1495 1778 1580 Hungaria
1825 1518 1938 1580 quo
1983 1494 2073 1558 ue
2111 1494 2329 1559 consti-

412 1578 616 1643 tuendi
671 1590 969 1665 potestate
1013 1576 1418 1661 renunciaret,
1472 1579 1673 1666 plures
1713 1583 1837 1668 jam
1872 1517 2124 1643 inqhanc
2159 1604 2328 1669 prae-

411 1689 592 1728 cones
645 1664 834 1740 misit,
896 1662 1026 1749 qui,
1086 1674 1153 1725 ut
1204 1685 1312 1751 per
1363 1665 1714 1729 Pontificem
1768 1688 1901 1728 eum
1947 1666 2109 1752 jussi
2168 1679 2328 1744 sunt,

408 1775 517 1813 sua
573 1762 782 1812 sancta
833 1746 1272 1836 praedicatione
1331 1764 1666 1836 pararent
1727 1750 2001 1814 domino
2060 1751 2329 1839 plebem

406 1837 805 1924 perfectam.
837 1842 888 1914 3)
933 1838 1140 1920 Atque
1176 1832 1270 1896 his
1301 1837 1431 1920 jam
1464 1838 1675 1922 Geyza
1710 1837 1887 1900 etiam
1923 1859 2053 1899 cum
2083 1837 2328 1903 familia-

406 1922 574 1984 ribus
613 1921 740 1984 suis
783 1944 954 1984 sacro
1003 1944 1070 1984 se
1104 1921 1266 1984 fonte
1311 1921 1588 1986 submisit
1634 1921 2015 2000 abluendum,
2074 1946 2328 2011 spopon-

411 2008 611 2093 ditque
655 2006 1001 2070 solennibus
1050 2005 1280 2069 verbis:
1339 2007 1529 2070 labori
1571 2032 1637 2071 se
1687 2032 2000 2096 parsurum
2041 2009 2215 2087 nulli,
2261 2023 2328 2073 ut

407 2093 504 2180 qui
560 2115 704 2155 suae
760 2105 901 2157 sunt
950 2091 1222 2170 ditionis,
1286 2091 1627 2157 christianis
1692 2117 1897 2158 omnes
1949 2095 2328 2159 initiarentur

403 2179 635 2243 ritibus

541 2340 581 2398 ¹)
626 2337 813 2388 Literas
852 2336 1050 2401 Pilgrini
1093 2336 1154 2388 ad
1182 2335 1368 2388 Bened.
1399 2336 1477 2386 VI.
1511 2336 1566 2389 P.
1599 2352 1645 2388 a.
1669 2333 1788 2387 975
1822 2336 1959 2387 datas
1977 2336 2083 2387 vide
2108 2337 2176 2388 sis
2195 2338 2324 2403 apud

405 2423 601 2475 Hansiz.
652 2423 709 2471 T.
743 2423 780 2475 l.
817 2421 982 2474 Germ.
1018 2437 1183 2472 sacrae
1214 2438 1264 2487 p.
1301 2419 1441 2471 211.

536 2506 588 2576 2)
634 2508 793 2561 Nimio
844 2507 945 2573 jam
994 2508 1148 2558 multo
1191 2508 1302 2572 plus
1351 2508 1713 2574 praetendunt,
1767 2507 1956 2560 Katona
2003 2507 2129 2558 Hist.
2179 2524 2318 2576 prag.

403 2611 452 2660 p.
492 2592 638 2655 119,
693 2594 888 2644 Fessler
925 2593 957 2644 l.
992 2594 1030 2644 Ι.
1070 2610 1121 2659 p.
1160 2587 1308 2654 345,
1359 2593 1441 2660 qui
1479 2594 1728 2659 hungaros
1759 2594 1924 2659 potius
1958 2594 2172 2658 linguam
2209 2594 2324 2645 lati-

399 2696 513 2731 nam
563 2679 811 2744 religionis
861 2696 1007 2729 causa
1054 2679 1340 2731 familiarem
1390 2679 1482 2729 sibi
1528 2679 1802 2730 reddidisse
1849 2686 2103 2730 autumant
2150 2686 2321 2733 contra

401 2781 546 2830 quam
577 2780 849 2831 praecones
881 2773 1075 2815 exteros
1107 2765 1294 2827 decuit,
1329 2765 1664 2830 hungaricam.

533 2851 580 2912 3)
625 2850 813 2901 Literas
852 2851 940 2902 has
980 2851 1164 2902 Bened.
1198 2851 1275 2901 VI.
1316 2850 1423 2902 vide
1455 2851 1583 2919 apud
1614 2850 1802 2903 Katona
1818 2831 1867 2900 '1.
1901 2866 1945 2900 c.
1991 2866 2042 2916 p.
2078 2847 2218 2902 921.
2259 2852 2319 2903 ad

399 2952 515 2989 ann.
551 2929 698 2989 974.

1262 3029 1304 3105 §
1347 3031 1446 3089 60.

398 3169 507 3219 Sed
540 3182 791 3236 quorum
824 3181 1211 3231 progressum
1241 3166 1554 3217 Benedicti
1584 3167 1667 3217 VI.
1704 3168 2023 3219 Pontificis
2053 3167 2315 3219 edictum

637 3253 704 3303 de
736 3251 987 3319 captivis
1019 3251 1282 3317 gratuito
1315 3251 1695 3303 dimittendis
1725 3253 2071 3321 intercepit.

565 3388 720 3450 Huic
758 3401 954 3451 tamen
998 3411 1175 3451 curae
1205 3387 1340 3450 dum
1384 3388 1615 3452 naviter
1657 3387 1970 3466 incumbit,
2029 3387 2310 3451 animum—

397 3495 508 3557 que
545 3474 830 3537 Hartvico
867 3487 1052 3552 teste,
1089 3476 1217 3560 jam
1248 3473 1319 3537 ad
1357 3474 1804 3539 constituendos
1825 3477 1999 3561 juxta
2035 3474 2308 3564 aestima-
