2384 3886
1857 173 1977 229 167

68 315 284 378 tionem
319 335 484 374 suam
519 312 894 398 episcopatus
921 308 1132 395 adjicit,
1167 311 1408 374 offendit
1439 310 1499 372 in
1523 310 1765 387 obicem,
1803 334 1974 396 quem

71 400 325 463 omnium
363 396 596 460 minime
633 394 1024 482 computabat.
1069 399 1153 458 Ut
1195 396 1346 458 enim
1383 396 1443 457 in
1472 396 1680 460 morali
1714 396 1979 459 doctrina

71 483 298 548 Christi
342 482 505 544 nihils
524 481 832 545 admodum
884 493 1044 556 erat,
1076 487 1122 558 1)
1178 481 1332 565 quod
1364 504 1505 566 pars
1541 481 1741 570 populi
1779 482 1982 545 sanior

71 569 128 632 in
188 568 378 632 medio
435 566 527 629 sui
584 564 907 653 propagari,
941 565 1188 626 multum
1226 580 1583 644 recusaret,
1611 567 1819 630 modus
1853 568 1976 654 qui-

0 677 18 722 ?
72 655 202 718 dem
233 651 630 727 lustrationis,
685 675 799 736 quo
851 649 1064 712 delicta
1104 651 1470 727 eluerentur,
1530 653 1749 738 placuit
1780 653 1977 729 etiam,

0 739 14 811 ‘3
73 753 174 802 aut
220 751 378 802 certe
427 759 542 798 non
600 735 896 822 displicuit
928 734 1225 821 plurimis3
1271 736 1355 798 ita
1388 736 1520 798 dum
1558 738 1981 823 intelligerent,

70 824 457 888 Benedictum
498 824 607 883 Vl.
650 821 833 884 rebus
873 845 989 884 non
1028 833 1150 882 tam
1196 820 1391 907 gestis
1434 844 1751 907 prospere,
1811 847 1983 909 quam

0 935 5 941 ·
71 911 342 973 ultronea
364 905 540 969 animi
572 906 769 991 gentis
804 906 1142 970 inductione
1168 906 1539 993 judicioque,
1581 907 1654 969 ad
1688 921 1827 970 vota
1856 913 1984 994 ejus

73 992 488 1068 adfluentibuS,
523 1015 640 1055 non
653 996 777 1078 jam
799 1015 1010 1078 cupere
1042 993 1251 1070 solum,
1286 993 1391 1056 sed
1415 992 1755 1079 praecipere
1782 993 1983 1056 etiam:

74 1077 382 1143 christiani
404 1076 618 1164 captivi
640 1091 704 1141 ut
728 1101 931 1141 omnes
946 1079 1211 1164 gratuito
1231 1078 1686 1156 dimitterentur,
1707 1085 1756 1157 2)
1789 1079 1985 1142 odium

74 1177 314 1252 gentem
362 1163 701 1226 universam
754 1177 813 1227 et
856 1187 1213 1250 praeconum
1261 1164 1494 1226 illorum
1546 1177 1606 1227 et
1656 1164 1986 1250 religionis,

75 1275 225 1337 quae
283 1247 592 1312 Pontificis
647 1249 1147 1335 praetendebatur
1204 1250 1513 1326 mandato,
1591 1249 1745 1336 cepit
1805 1251 1988 1336 longe

75 1336 439 1400 acerrimum.
496 1338 706 1420 ltaque
753 1335 975 1411 evenit,
1034 1348 1099 1397 ut
1137 1358 1342 1398 eorum
1375 1334 1588 1412 etiam,
1634 1336 1733 1421 qui
1771 1360 1984 1422 sapere

76 1415 389 1492 audebant,
421 1444 539 1483 non
576 1420 748 1507 pauci
776 1420 1130 1506 peregrinos
1170 1420 1441 1484 curiones
1471 1419 1603 1495 hos,
1642 1421 1818 1483 alieni
1857 1434 1986 1484 tan-

75 1520 200 1570 tum
252 1505 482 1570 arbitrii
549 1505 884 1580 ministros3
942 1504 1269 1569 doctrinam
1309 1530 1451 1569 vero
1496 1505 1723 1568 Christi
1761 1531 1880 1570 non
1917 1507 1990 1570 ad

77 1616 276 1670 suam,
345 1591 450 1655 sed
501 1591 866 1679 captivorum
913 1591 1343 1679 procurandam
1386 1591 1639 1654 salutem
1694 1606 1991 1679 arreptam

76 1678 382 1765 suspicati,
416 1701 589 1763 quam
628 1677 857 1740 alacres
889 1700 956 1739 se
989 1690 1184 1753 antea,
1215 1689 1337 1739 tam
1375 1690 1751 1741 contumaces
1784 1677 1994 1742 dehinc

21 1817 28 1822 „
77 1763 135 1826 in
174 1767 419 1849 Geyzae
446 1762 645 1826 studia
674 1761 1037 1826 exhiberent.
1082 1764 1198 1826 His
1226 1786 1477 1848 namque
1513 1776 1573 1827 et
1601 1763 1716 1849 piis
1744 1764 1995 1828 maxime

0 1897 3 1902 ι
78 1850 355 1913 Saroltae
398 1848 739 1924 conatibus,
795 1873 896 1912 res
944 1849 1132 1912 omnis
1178 1848 1595 1935 propagandae
1628 1849 1784 1912 inter
1825 1854 1994 1911 Hun—

78 1958 262 2022 garos
317 1933 629 1997 telio-ionis
676 1934 867 1997 adhuc
919 1934 1103 1997 stetit.
1167 1938 1333 2011 Quae
1381 1945 1695 2021 postquam
1749 1934 1810 1996 in
1865 1958 1994 1997 sco-

74 2021 217 2107 pulo
251 2019 364 2083 hoc
401 1983 807 2095 adhaesisset,
853 2043 1182 2105 praecones
1220 2018 1373 2082 unde
1409 2032 1723 2096 venerant,
1769 2020 1997 2082 reversi

81 2118 240 2183 sunt,
278 2105 476 2169 addita
509 2106 598 2169 sic
628 2104 950 2193 suspicioni
980 2106 1175 2192 aliqua
1201 2105 1375 2169 etiam
1401 2106 1527 2168 veri
1550 2107 1771 2192 specie,
1812 2130 1997 2192 eaque

83 2191 394 2277 Hungaris
438 2192 646 2256 relicta
688 2192 885 2254 laude:
932 2191 1015 2254 ita
1048 2191 1158 2255 hos
1203 2191 1442 2277 juri-bus
1495 2191 1791 2255 institisse
1851 2192 1998 2268 suiS,

89 2290 155 2340 ut
183 2277 256 2339 ab
288 2277 443 2340 omni
477 2277 535 2340 in
565 2278 700 2341 illos
727 2276 942 2364 injuria
972 2277 1358 2341 abstinerent.

221 2525 263 2584 1)
311 2523 360 2572 S.
400 2523 602 2588 August.
643 2524 856 2573 Retract.
896 2524 929 2573 l.
970 2521 1023 2573 1.
1066 2540 1110 2573 c.
1143 2524 1270 2573 XIII.
1317 2520 1372 2573 3.
1415 2524 1512 2572 Res
1543 2523 1675 2587 ipsa,
1710 2538 1833 2586 quae
1866 2537 2000 2570 nunc

86 2608 347 2658 christiana
386 2609 555 2673 religio
596 2618 934 2674 nuncupatur,
975 2616 1078 2658 crat
1109 2615 1156 2658 et
1186 2608 1315 2673 apud
1346 2609 1600 2673 antiquOS‚
1637 2623 1728 2656 nec
1761 2607 1911 2656 defuit
1942 2606 2000 2655 ah

85 2693 220 2743 initio
270 2695 463 2758 generis
512 2694 738 2756 humani,
791 2710 1047 2759 quousque
1084 2694 1192 2759 ipse
1233 2694 1457 2743 Christus
1503 2693 1687 2742 veniret
1737 2692 1786 2741 in
1837 2707 2000 2742 carne.

87 2779 224 2829 Unde
254 2794 365 2828 vera
394 2779 589 2844 religio,
634 2795 755 2845 quae
781 2779 882 2844 jam
916 2786 1041 2839 erat,
1076 2780 1235 2844 caepit
1266 2779 1462 2844 apellari
1494 2779 1788 2828 Christiana.

222 2897 267 2955 2)
315 2894 483 2944 Simon
516 2896 575 2944 de
606 2896 730 2944 Keza
759 2898 882 2961 App.
926 2912 970 2945 c.
1004 2896 1066 2945 ΙΙ.
1110 2896 1169 2944 de
1200 2895 1295 2944 hoc
1326 2895 1547 2944 Eclesiae
1579 2893 1827 2942 Romanae
1859 2909 2004 2942 man—

0 3048 1 3052 *
92 2980 203 3028 dato
241 2980 405 3043 plura,
446 2997 567 3044 quae
609 2981 853 3031 Chronico
892 2980 999 3046 ejus
1029 2982 1248 3030 nondum
1289 2981 1482 3045 vulgato
1522 2986 1570 3029 et
1609 2979 1915 3043 Stiltingum‚
1959 2985 2008 3026 et

0 3060 3 3109 Ξ
92 3063 375 3125 Timonem,
418 3066 581 3130 magni
613 3066 887 3132 Scriptores
921 3067 1135 3116 nominis
1165 3066 1315 3116 latere
1346 3071 1640 3131 potuerunt3
1682 3080 1844 3124 nunc,
1890 3063 2005 3111 dum

0 3157 3 3173 ’·
91 3149 234 3209 ultra,
268 3164 413 3214 quam
443 3150 566 3199 fines
596 3151 869 3216 Hungariae
899 3158 1088 3217 patent,
1123 3167 1224 3201 non
1255 3168 1381 3217 opus
1411 3157 1618 3212 tantum,
1662 3149 1748 3198 sed
1778 3147 2006 3197 nobilitas

95 3250 288 3299 quoque
319 3234 585 3284 conditoris
617 3235 747 3300 ejuS‚
780 3237 1143 3302 auctoritasque
1176 3237 1474 3297 celebratur,
1506 3247 1602 3285 nec
1629 3234 1882 3299 ignorare,
1915 3248 2006 3282 nec

94 3319 238 3370 tacita
269 3326 606 3370 transcurrere
636 3320 825 3385 legibus
856 3321 1100 3372 Historiae
1130 3322 1332 3388 integris
1362 3322 1492 3372 licet.
