2384 3886
1938 218 2019 273 25

94 377 160 427 ut
202 386 380 449 quum
418 376 790 451 argumenta,
836 384 988 448 quae
1030 363 1396 427 commodum
1432 363 1842 441 indicavimus,
1888 389 2020 452 per-

94 447 215 534 agi,
257 449 374 511 nisi
406 453 749 535 Augustos,
797 469 947 532 quos
974 447 1026 510 d.
1053 446 1399 534 Stephanus
1429 449 1490 510 in
1535 450 1843 512 formanda
1888 454 2021 514 Mo-

94 533 341 595 narchia
397 532 730 618 hungarica
787 544 1032 594 secutus
1085 545 1208 607 est,
1294 533 1493 595 fontes
1537 534 1726 618 igitur
1779 546 2022 597 exteros

96 619 405 695 consulaS,
461 640 580 679 non
632 617 895 702 possint3
964 615 1023 676 in
1070 615 1310 702 ancipiti
1351 614 1466 678 hoc
1503 618 1729 682 laboris
1777 641 2021 703 genere,

95 701 149 763 si
193 701 267 764 ad
315 724 446 764 eum
484 713 546 762 et
593 722 767 785 quem
811 700 866 762 ei
909 699 1197 785 adjungo,
1250 698 1545 762 Thomam
1585 702 2023 765 Archi-Diaco-

92 808 233 847 num
269 785 687 871 spalatensem
725 783 1151 867 synchronum,
1210 783 1550 869 bonumque
1590 799 1894 849 auctorem
1934 787 2022 848 in-

90 868 316 955 primis,
359 881 691 955 respectes,
737 868 947 953 egredi
989 868 1141 931 fines
1176 867 1304 929 veri
1340 891 1458 931 non
1495 890 1698 953 queas.

93 1168 161 1227 4.
207 1166 310 1228 De
344 1174 744 1247 syntaymate
784 1154 1237 1230 chronicorum
1271 1167 1367 1229 M.
1403 1167 1686 1229 Joannis
1726 1169 1803 1229 de
1848 1167 2024 1230 Thu-

378 1270 546 1312 rocz
581 1255 1175 1335 commentariis-que
1202 1254 1347 1314 aliis
1376 1253 1518 1314 aevi
1541 1253 1740 1313 medii.

960 1438 1003 1514 g
1047 1441 1148 1496 22.

727 1618 834 1667 per
879 1617 1144 1654 summos
1190 1602 1396 1667 apices

263 1779 607 1862 Syntagma
634 1777 1050 1842 chronicorum
1083 1777 1414 1841 Thuroczii
1454 1777 1709 1864 primum
1749 1778 2027 1855 omnium,

92 1884 244 1948 quae
301 1862 364 1923 in
414 1862 528 1925 hoc
580 1861 890 1926 literarum
942 1886 1167 1948 genere
1219 1862 1374 1949 apud
1423 1885 1536 1924 nos
1599 1861 1833 1924 condita
1886 1874 2029 1924 sunt

90 1959 607 2010 monumentorum
644 1949 811 2032 typis
868 1970 1189 2032 procusum
1212 1996 1227 2023 ‚
1285 1947 1825 2032 pervulgatumque
1871 1945 2030 2008 haud

91 2030 403 2092 mediocris
439 2031 899 2095 existimationis
938 2055 1084 2094 suae
1122 2043 1384 2118 partem,
1433 2030 1593 2092 circa
1633 2031 1892 2093 medium
1936 2053 2030 2092 se-

93 2114 208 2176 culi
272 2121 368 2177 18.
421 2115 634 2179 cedere
675 2115 938 2179 Notario
982 2116 1170 2178 Belae
1217 2114 1409 2200 Regis
1435 2164 1451 2192 ,
1514 2127 1747 2201 partem
1799 2113 2030 2177 Simoni

91 2197 164 2260 de
208 2201 385 2261 Keza
430 2198 665 2277 debuit,
726 2223 976 2286 quorum
1023 2223 1205 2286 opera
1248 2212 1374 2261 tum
1435 2199 1669 2268 demum
1719 2222 1787 2261 se
1838 2221 1913 2260 ex
1943 2211 2030 2261 te-

91 2281 297 2345 nebris
339 2297 731 2347 emerserunt.
784 2287 972 2347 Nunc
996 2287 1128 2370 jam
1157 2283 1217 2346 id
1241 2283 1418 2346 etiam
1443 2283 1504 2344 in
1535 2283 1845 2368 explorato
1914 2295 2029 2356 est,

93 2365 584 2454 chronographos
639 2381 879 2432 veteres
904 2417 920 2445 ,
1010 2391 1163 2453 quos
1210 2366 1366 2429 idem
1417 2367 1576 2430 bona
1614 2366 2030 2429 -historiarum

91 2452 447 2536 Hungariae
478 2453 722 2516 fortuna
756 2452 1113 2538 compilavit,
1160 2464 1356 2514 aetate
1398 2475 1633 2537 quoque
1671 2451 1917 2513 Simone
1955 2450 2029 2513 de

92 2536 271 2597 Keza
308 2535 626 2600 inferiores
671 2559 827 2600 esse.
872 2541 936 2599 A
967 2537 1089 2599 vita
1119 2536 1344 2598 forensi
1371 2548 1604 2598 tantum
1644 2558 1762 2598 non
1792 2537 2032 2620 penitus

94 2617 414 2681 abstinent.
461 2622 630 2695 Quae
655 2620 859 2705 itaque
886 2621 959 2683 de
985 2619 1209 2683 chrono
1260 2619 1466 2704 raphis
1497 2618 1676 2681 medii
1725 2618 1856 2679 aevi
1899 2617 2029 2679 ubi-

94 2724 210 2786 que
249 2703 518 2787 gentium
550 2704 794 2789 querela
850 2716 976 2780 est,
1033 2709 1081 2782 1)
1128 2703 1199 2765 ad
1281 2725 1348 2765 os
1386 2703 1528 2765 item
1564 2702 1853 2788 pertinet:
1901 2702 2032 2767 sola

92 2786 517 2871 propemodum
549 2791 788 2872 Regum
833 2811 943 2874 per
989 2785 1101 2850 hos
1149 2786 1440 2850 illustrari
1492 2785 1754 2858 nomina3
1822 2807 2030 2871 parum

94 2893 237 2932 vero
272 2870 549 2934 utilitatis
582 2895 741 2948 esse,
777 2871 934 2957 quod
967 2894 1043 2934 ex
1069 2883 1458 2956 syntagmate
1484 2870 1601 2934 hoc
1632 2870 1692 2932 in
1717 2869 2029 2932 historiam

95 2953 388 3016 avitorum
432 2955 845 3019 institutorum
865 3004 880 3033 ,
946 2955 1477 3040 conversionisque
1520 2977 1723 3018 rerum
1774 2952 2031 3015 civilium

94 3036 412 3112 redundet3
485 3063 697 3125 parum
753 3040 1019 3137 inquam:
1068 3063 1157 3120 'ne
1202 3039 1414 3102 credas
1454 3038 1599 3101 nihil
1641 3062 1745 3101 eos
1788 3037 1862 3099 ab
1912 3037 2031 3098 ista

94 3134 266 3206 parte
298 3124 695 3207 praestitisse.
746 3125 1034 3210 Quisquis
1077 3123 1233 3186 enim
1263 3124 1363 3186 ille
1402 3123 1501 3200 sit,
1548 3146 1585 3184 a
1616 3144 1732 3207 quo
1790 3120 2028 3182 Thuro-

97 3206 264 3268 czius
289 3229 414 3293 cap.
442 3212 541 3270 50.
568 3221 720 3294 part.
746 3217 802 3270 2.
847 3207 1113 3271 chronici
1145 3208 1241 3270 sui
1269 3220 1574 3270 sumserat
1593 3256 1609 3284 ,
1657 3206 1796 3268 huic
1829 3227 1900 3266 ea
1965 3226 2031 3265 er

95 3291 361 3375 Majores
405 3303 651 3354 nostros
695 3292 960 3356 adhibita
1001 3292 1152 3356 fides
1197 3305 1319 3370 est,
1380 3305 1449 3355 ut
1494 3303 1554 3354 et
1602 3226 2032 3373 sigismundus

213 3477 256 3536 1)
286 3475 402 3526 Vide
423 3491 574 3540 opus:
609 3475 706 3525 Des
726 3475 1026 3526 assemhlees
1050 3476 1321 3527 nationales
1342 3490 1402 3525 en
1422 3474 1627 3523 France.
1652 3472 1708 3521 Τ.
1737 3470 1789 3521 1.
1813 3486 1863 3536 p.
1888 3469 2027 3521 212.
