2384 3886
412 238 493 291 36

413 395 581 448 esse,
651 394 801 456 quae
863 369 1019 431 enim
1077 363 1312 431 adustio
1375 368 1603 431 rectius
1678 367 1930 443 dicitur,
2002 391 2132 432 eam
2195 365 2351 456 apud

412 456 543 519 aevi
591 455 771 541 hujus
820 452 1151 539 scriptores
1205 453 1743 516 concremationem
1791 451 2095 516 audivisse
2144 460 2214 534 2).
2272 457 2352 516 Et

411 547 625 627 reap‘se
661 537 988 601 secundum
1022 537 1343 623 mysticum
1385 537 1515 600 aevi
1554 537 1728 600 medii
1762 538 2007 622 stylum,
2043 538 2131 600 uti
2160 539 2369 601 furem¹

413 649 545 688 cum
582 622 1059 686 concrematione
1108 622 1271 708 ignis
1317 622 1580 684 triduum
1619 622 1841 698 teneri,
1889 622 1973 685 ita
2013 621 2150 684 falsi
2192 622 2351 685 dam-

412 722 588 771 natos
645 708 874 784 assari,
941 707 1258 793 vivereque
1299 719 1510 794 postea
1559 706 1737 769 etiam
1786 707 1944 770 haud
2051 707 2185 770 aulo
2232 730 2352 769 me—

414 793 581 869 liori,
646 815 822 879 quam
867 791 1132 854 Acilium
1181 792 1417 854 Valerii
1465 791 1715 853 Maximi
1764 798 1814 871 3)
1869 815 1978 854 con
2023 791 2207 855 itione
2250 814 2352 878 po-

412 878 639 955 tuisse,
685 877 1032 962 vixisseque
1086 876 1322 939 omnino
1364 899 1469 939 eos
1516 877 1694 939 etiam
1741 876 2096 962 Hungariae
2147 880 2353 960 Reges

344 999 349 1004 ·
411 963 565 1026 bene
601 963 823 1039 salvoS‚
859 984 1109 1047 quorum
1132 964 1199 1023 N
1203 960 1406 1036 otarii‚
1440 973 1504 1022 ut
1537 960 1759 1022 crimen
1787 961 1989 1024 laesae
2020 960 2354 1047 majestatis

411 1048 774 1123 indicarent,
832 1059 1166 1108 monstrum
1206 1045 1526 1107 verborum
1572 1067 1722 1128 „pro
1764 1043 2180 1108 interfectione
2223 1047 2353 1106 Ma-

400 1133 647 1218 jestatis
686 1140 972 1194 nostrae“
1017 1140 1366 1215 posuerunt.

544 1317 591 1374 2)
637 1314 770 1362 Haec
808 1313 888 1362 ille
933 1329 1141 1378 prorsus
1173 1329 1232 1362 ex
1263 1328 1415 1362 sensu
1445 1313 1699 1363 literarum
1730 1313 1914 1363 Detrici
1948 1312 2158 1363 Curialis
2189 1313 2353 1362 comi-

407 1399 470 1448 tis
502 1398 562 1447 de
592 1397 773 1447 minori
805 1398 1040 1448 comitatu
1069 1397 1236 1447 Poson
1268 1397 1415 1460 (VIII.
1448 1414 1493 1447 v.
1526 1395 1578 1448 1.
1611 1414 1663 1462 p.
1691 1394 1817 1459 83.)
1850 1399 1910 1447 de
1942 1414 1986 1447 a.
2020 1394 2200 1460 1301,
2237 1398 2363 1463 qui-'

407 1484 500 1534 bus
520 1482 778 1532 Udvarnici
810 1482 1009 1547 quidam
1043 1482 1145 1543 „ob
1179 1482 1439 1531 deductam
1465 1482 1530 1531 ibi
1561 1483 1870 1532 manifestam
1902 1483 2165 1543 falsariam,
2200 1482 2354 1532 elavi-

406 1567 501 1617 hus
553 1567 699 1616 castri
752 1567 892 1616 faciei
932 1582 1105 1616 eorum
1143 1566 1363 1616 inustis“
1423 1574 1645 1616 extorres
1685 1574 1916 1632 aguntur.
1981 1568 2231 1632 Actusque
2269 1567 2348 1617 ille

408 1652 589 1701 diserte
628 1652 917 1700 crematio
961 1651 1163 1711 (licitur,
1215 1651 1328 1700 alibi
1366 1651 1614 1701 assatio,
1693 1652 1828 1709 Quae
1874 1652 1971 1702 dici
2009 1653 2069 1702 de
2108 1651 2204 1701 hoc
2245 1667 2347 1702 non

409 1736 795 1785 domesticorum
835 1736 1019 1796 modo,
1079 1736 1165 1784 sed
1212 1735 1540 1800 plurimorum
1591 1736 1721 1800 apud
1760 1737 1879 1786 alias
1932 1751 2129 1801 quoque
2173 1743 2346 1801 gentes

408 1820 716 1885 Scriptorum
758 1821 861 1869 aevi
899 1820 1047 1870 medii
1085 1820 1199 1869 vitio
1231 1827 1464 1884 possent,
1514 1820 1866 1871 celeberrimus
1913 1821 2141 1872 Gvizotus
2171 1821 2222 1870 in
2255 1837 2345 1871 suo

408 1905 567 1954 Conrs
600 1905 762 1954 d'hist.
797 1905 932 1954 mod.
967 1905 1029 1954 II.
1056 1921 1107 1970 p.
1144 1901 1286 1954 236.
1324 1901 1465 1954 237.
1503 1906 1774 1970 occupavit.

543 1991 589 2049 3)
636 1989 692 2038 L.
733 1987 784 2038 1.
821 2006 865 2039 c.
900 1990 1021 2038 VIII.
1058 2005 1108 2038 n.
1149 1987 1244 2037 12.

1279 2185 1320 2260 ς
1366 2187 1465 2242 34.

403 2335 935 2400 arrogantiamque
983 2350 1215 2396 eorum,
1273 2336 1374 2400 qui
1416 2335 1655 2400 pridem
1695 2335 1891 2386 desita
1937 2336 1995 2386 in
2039 2351 2344 2401 praesen—

633 2427 752 2468 tem
780 2419 941 2484 juris
973 2427 1033 2469 et
1063 2420 1509 2485 obligationum
1539 2435 1805 2470 normam
1837 2421 2107 2486 erigunt,

574 2565 1017 2630 Aberrationes
1045 2566 1308 2629 virorum
1333 2566 1802 2630 clarissimorum
1829 2567 2188 2643 notavimu8‚
2221 2552 2360 2630 noni

402 2673 518 2733 quo
549 2650 929 2714 crederemus
975 2675 1079 2714 eos
1113 2652 1472 2716 auctoritate
1502 2651 1759 2715 nominis
1789 2651 1883 2715 sui
1915 2649 2341 2715 existimationi

398 2737 698 2819 Majorum
739 2749 1084 2799 nostrorum
1117 2760 1485 2823 magnopere
1524 2735 1818 2800 offecisse.
1862 2735 2000 2799 Etsi
2039 2735 2192 2798 enim
2238 2736 2334 2799 vel

399 2817 653 2880 maxime
710 2843 917 2882 verum
954 2819 1014 2882 id
1061 2834 1257 2896 esset,
1334 2821 1489 2906 quod
1543 2821 1785 2884 concedi
1839 2819 2087 2906 nequit,
2149 2819 2339 2882 fuisse

397 2901 635 2965 omnino
658 2903 875 2989 aliquid
903 2904 1245 2990 hujusmodi
1267 2905 1325 2966 in
1352 2904 1618 2968 moribus
1641 2928 1875 2979 eorum3
1903 2917 2102 2968 tamen
2130 2903 2339 2967 vitium

394 2986 507 3049 hoc
551 3000 884 3074 temporum
937 3012 1054 3051 non
1090 2989 1286 3074 magis
1334 2989 1486 3052 verti
1538 2990 1683 3053 vitio
1733 2988 2050 3075 Hungaris
2105 3003 2336 3077 posset,

398 3095 572 3157 quam
626 3073 844 3159 priscis
907 3074 1264 3137 Germaniae
1317 3074 1583 3162 populis²
1653 3074 1807 3161 apud
1862 3098 2012 3161 quos
2065 3074 2336 3138 homines

396 3158 585 3220 malos
625 3157 868 3220 assandi
919 3158 1409 3222 consuetudinem
1456 3173 1515 3223 et
1570 3161 1753 3222 multo
1823 3173 2092 3247 caeptam
2186 3160 2334 3237 riuS,

398 3254 457 3303 et
486 3242 690 3305 seculo
720 3242 953 3306 demum
974 3245 1084 3306 14.
1118 3244 1371 3307 desitam
1402 3243 1728 3308 Grimmius
1762 3245 1941 3308 testis
1975 3256 2084 3308 est.
2193 3244 2335 3307 ttin-

395 3327 627 3411 gendae
673 3328 847 3391 nobis
885 3351 989 3392 eae
1031 3328 1415 3406 videbantur,
1474 3341 1540 3393 ut
1582 3330 1694 3392 sub
1733 3330 2001 3416 exemplo
2048 3327 2332 3406 virerum,

398 3433 647 3494 quorum
684 3412 980 3476 industria
1014 3414 1348 3500 studiisque
1394 3427 1485 3477 tot
1539 3415 1656 3477 alia
1700 3415 1985 3501 evigilata
2032 3426 2175 3477 sunt
2231 3436 2330 3476 ve—

393 3506 585 3556 terum
622 3496 928 3561 literarum
957 3498 1259 3584 quaesita,
1309 3500 1531 3562 clarum
1562 3501 1764 3576 fieret,
1812 3511 2098 3584 quantum
2146 3497 2332 3562 homi-
