2384 3886
1957 200 2042 258 97

106 347 290 411 mate,
344 335 704 422 praecedere
764 338 1191 419 Imperatorem
1249 334 1666 399 tenebantur.“
1719 339 1888 399 Haec
1937 336 2038 399 ille

32 502 34 504 K
107 419 306 505 operis
362 420 435 482 de
476 418 839 482 thematibus
868 418 1108 503 Imperii
1147 431 1373 481 auctor.
1419 426 1467 498 ¹)

242 601 290 673 1)
334 603 443 653 Lib.
477 603 515 652 1.
554 602 654 651 Alia
683 600 968 665 hujusmodi
997 600 1174 651 Franc.
1206 602 1294 651 Ad.
1329 600 1584 651 Kollarad
1613 601 1888 666 augendam
1933 601 2041 651 exi-

109 687 235 737 miae
280 685 567 737 eruditionis
607 684 981 749 diligentiaeque
1013 685 1219 749 gloriam
1251 685 1473 750 collegit,
1516 692 1565 734 et
1596 686 1648 734 in
1675 687 1883 736 Amoen.
1910 685 2039 736 Hist.

107 771 340 836 surisque
369 786 420 834 p.
453 769 616 832 Hung.
650 769 754 817 Vol.
784 769 823 818 Ι.
865 785 916 834 p.
947 767 1193 818 52-60
1240 770 1450 818 deducta
1488 768 1819 832 Imperatores
1849 770 2043 834 Byzan-

109 855 242 904 tinos
280 854 350 903 ab
393 852 693 916 Hungaris
732 853 986 917 accepisse
1029 858 1258 902 testatur.
1325 852 1533 902 Possem
1580 852 1888 917 hoc‘ipsum
1930 853 2042 918 jure

109 927 296 1001 optimo
327 936 614 998 adfirmare3
657 936 745 985 sed
774 951 877 985 non
907 952 1048 1001 agam
1079 943 1268 986 astute:
1303 937 1468 985 omnia
1500 951 1555 984 ea
1587 951 1681 985 nos
1706 936 1809 1000 ,iam
1843 937 1895 984 in
1925 952 2041 986 mo·-

108 1020 246 1070 ribus
275 1021 651 1080 Hunnorum,
691 1021 1272 1085 Varchunorumque
1301 1021 1530 1070 vidimus·
1580 1020 1714 1069 Adeo
1754 1034 1923 1069 verum
1963 1027 2040 1069 est

103 1103 225 1165 hos,
259 1104 622 1169 Hungarosque
655 1104 826 1153 eadem
845 1111 1146 1169 propagatos
1174 1104 1350 1169 stirpe,
1384 1120 1478 1153 nec
1507 1118 1672 1153 mores
1698 1109 1920 1165 tantum,
1955 1104 2042 1153 sed

101 1188 286 1237 horum
334 1189 480 1238 etiam
528 1187 723 1249 laudeS,
786 1203 911 1252 quae
960 1189 1166 1253 singulis
1214 1188 1590 1248 adscribuntur,
1641 1202 1882 1237 comunes
1929 1203 2041 1238 esso

99 1271 355 1322 omnihuS.

969 1439 1204 1516 §35.‘

194 1604 273 1654 De
320 1620 460 1655 cura
506 1605 865 1656 tuendorum
914 1605 1126 1655 finium
1175 1604 1431 1666 ChuniS,
1481 1605 1943 1670 Varchunisque

934 1689 1207 1754 propria.

268 1851 411 1911 Jam
439 1847 511 1911 de
534 1848 706 1911 Atila
735 1848 1036 1935 proditum
1068 1863 1188 1913 est:
1234 1872 1369 1912 eum
1403 1850 1572 1937 pacis
1594 1860 1864 1937 tempore
1909 1849 2037 1911 fini-

97 1933 213 1996 bus
274 1931 567 2017 regundis
590 1981 604 2008 ,
677 1934 1135 2020 scribendisque
1197 1935 1438 2030 legibus
1500 1946 1693 1997 totum
1742 1935 2038 1997 intentum

98 2017 305 2080 fuisse.
397 2015 864 2080 Varchunorum
908 2040 1051 2080 vero
1108 2018 1168 2080 in
1203 2019 1322 2081 ilhs
1382 2018 1743 2090 muniendis
1793 2017 2041 2081 solertia

98 2103 193 2164 vel
237 2099 491 2163 inimicis
525 2101 819 2164 laudatur.
873 2105 1007 2178 Qua
1060 2102 1216 2165 enim
1257 2103 1455 2188 aliqua
1496 2125 1608 2189 -per
1653 2126 1759 2166 eos
1796 2102 2039 2166 ditionis

28 2205 35 2211 ·
98 2186 257 2248 facta
287 2185 585 2262 accessio,
608 2186 823 2283 ’prima
851 2187 1149 2273 extemplo
1184 2186 1435 2264 aditum,
1474 2211 1584 2250 seu
1615 2187 1953 2250 Strabonis
1973 2197 2041 2248 ut

100 2270 287 2333 verba
300 2293 535 2356 ponam,
555 2271 772 2334 itinera
794 2271 1111 2355 regionum
1134 2270 1506 2344 occludendi3
1532 2270 1803 2357 proxima
1823 2271 1895 2334 de
1918 2282 2040 2333 ter-

98 2354 222 2417 reis
260 2354 526 2418 castellis
574 2354 879 2440 erigendis
912 2379 1057 2417 cura
1092 2356 1221 2417 fuit.
1265 2359 1347 2418 Et
1379 2356 1454 2418 ad
1485 2359 1763 2418 Anasum
1785 2355 2039 2441 quidem,

101 2461 279 2523 quum
309 2439 508 2501 nullae
532 2451 710 2502 antea
745 2451 972 2516 essent,
1014 2463 1218 2502 eorum
1242 2440 1463 2502 sactum
1486 2441 1736 2503 solertia
1767 2441 1961 2502 fertur
1992 2445 2038 2518 1)

97 2534 167 2584 ut
188 2522 583 2585 densissimae
607 2524 683 2586 ad
705 2523 1133 2586 munimentum
1145 2524 1315 2596 fluvii
1339 2524 1499 2585 illius
1526 2526 1736 2608 sylvae
1765 2547 2040 2586 succres-

102 2618 327 2682 cerent,
361 2605 690 2669 incidendis
729 2608 866 2670 olim
907 2620 1082 2694 aptae
1106 2607 1494 2692 indaginibus
1533 2621 1594 2670 et
1630 2607 1948 2685 clausuris,
1988 2614 2039 2687 2)

235 2791 281 2850 1)
339 2789 542 2838 Hassler
597 2790 895 2840 Geschichte
950 2791 1037 2840 des
1089 2797 1265 2841 osterr.
1316 2791 1689 2840 KaiserstaateS.
1768 2791 2040 2841 Freinshe-

100 2872 231 2921 mius
267 2887 383 2922 vero
421 2873 544 2923 alter
583 2874 873 2924 Germaniae
904 2875 1122 2924 liter-atae
1162 2875 1388 2937 CurtiUS,
1431 2885 1534 2926 arte
1573 2885 1622 2924 et
1661 2876 2037 2926 curaess'ecisse

99 2956 310 3005 Hunnos
342 2957 539 3019 scribit,
582 2965 637 3008 ut
667 2959 880 3009 arbustis
910 2959 1039 3009 varie
1069 2959 1437 3024 implicantibus
1468 2961 1696 3021 frondeS,
1730 2967 1831 3010 tota
1864 2976 2037 3010 eorum

101 3039 236 3104 regio
268 3039 318 3089 in
351 3042 483 3105 sepis
513 3043 717 3092 modum
749 3044 1048 3108 cingeretur.
1093 3044 1442 3109 Indaginem
1473 3051 1663 3094 veteres
1694 3045 1949 3094 vocabant.

235 3126 284 3185 2)
329 3123 575 3186 Parare,
633 3127 777 3177 fieri
823 3129 1047 3189 facere,
1106 3120 1406 3190 incidere,
1457 3143 1668 3178 secare
1718 3128 2036 3192 indagines

98 3208 328 3272 propriae
370 3215 486 3258 sunt
523 3211 972 3262 vetustissimorum
1012 3213 1397 3277 hungaricorum
1441 3213 1763 3278 diplomatum
1802 3213 2035 3276 loquendi

99 3292 372 3355 formulae,
434 3308 493 3342 ex
542 3293 720 3357 quibus
767 3295 864 3345 hoc
910 3297 972 3346 ad
1025 3297 1302 3348 ocludenda
1349 3299 1523 3347 itinera
1581 3297 1840 3359 regionum
1892 3310 2036 3346 com-

100 3384 324 3439 paratum
374 3377 668 3427 munimenti
713 3393 871 3443 genus
920 3396 1212 3444 cognoscaS.
1283 3383 1354 3431 lta
1400 3382 1513 3431 Not.
1548 3381 1692 3428 Belae
1735 3380 1883 3445 Regis
1922 3396 2031 3446 cap.

103 3458 178 3509 21
218 3468 267 3510 et
299 3460 396 3511 22.
435 3462 595 3523 „inito
627 3464 833 3512 consilio
866 3465 1249 3525 constituerunt,
1285 3474 1338 3515 ut
1366 3473 1494 3515 meta
1526 3465 1663 3527 regni
1697 3464 1846 3513 Ducis
1874 3465 2033 3529 Arpad

1655 3547 1688 3596 7
