2384 3886
1918 255 2001 311 4?

80 390 273 455 omnia
328 389 530 453 verb-is
579 388 828 452 deducta
875 387 1034 461 suis3
1090 400 1331 466 contra,
1393 410 1565 474 quam
1625 390 1860 475 Regino
1918 391 2002 454 fe-

78 487 241 539 cerat
267 524 282 551 ,
346 474 444 560 qui
493 485 561 535 ut
617 473 687 535 de
746 470 1013 534 moribus
1073 475 1502 557 Hungarorum
1557 475 2004 537 accuratissime

7 618 11 621 ,
79 559 522 635 conscriberet,
592 558 783 618 locum
836 554 1067 618 Justini
1128 555 1200 618 de
1262 557 1513 619 Parthis
1572 571 1765 621 totum
1826 559 2003 621 dedit.

77 644 509 707 Constantinus
549 639 1127 724 Porphyrogcnetus
1159 640 1444 724 quaedam
1496 642 1674 704 etiam
1713 643 1784 705 de
1814 643 2005 705 forma

75 728 434 814 reipublicae
485 721 851 808 hungaricae
873 771 887 800 ,
959 722 1150 808 qualis
1203 722 1353 788 haec
1396 724 1508 786 sub
1556 727 1826 788 Ducibus
1874 727 2005 803 fuit,

75 813 138 875 in
195 811 391 874 libello
430 807 656 882 adfert,
719 831 892 893 quem
922 807 993 870 de
1043 807 1509 871 administrando
1582 809 1827 896 imperio
1897 810 2003 873 filii

77 896 275 983 gratia
305 892 691 976 conscripsit,
748 916 867 955 non
901 891 1072 954 modo
1121 914 1240 954 non
1285 893 1666 956 adversantia
1726 894 1854 978 (qui
1907 895 2004 958 de-

77 1000 358 1042 cumanus
427 976 720 1062 opinionis
764 977 1182 1040 nonnullorum
1219 999 1390 1041 error
1421 985 1543 1057 est)
1587 980 1845 1041 Notario
1888 982 2005 1040 Be-

74 1065 167 1126 lae
200 1061 418 1147 Regis,
454 1084 662 1123 verum
698 1085 949 1147 prorsus
983 1060 1056 1123 ad
1090 1062 1615 1146 praemuniendam
1657 1062 1835 1148 hujus
1870 1085 2006 1124 auc-

75 1147 378 1211 toritatem
426 1158 779 1230 comparata.
844 1148 1063 1231 Neque
1105 1158 1303 1209 tamen
1345 1146 1491 1209 nihil
1535 1148 1694 1210 inter
1736 1150 2006 1228 Leonem

76 1230 404 1317 sapientem
445 1241 504 1292 et
549 1230 1039 1306 Constantinum,
1100 1253 1213 1315 qua
1252 1253 1354 1293 res
1389 1231 1752 1318 hungaricas
1787 1232 2005 1317 attige-
2047 1286 2049 1289 .

74 1328 248 1392 runt,
316 1313 391 1376 ad
447 1314 624 1378 fidem
679 1316 950 1377 interest.
1020 1314 1306 1376 Cominus
1345 1328 1404 1378 et
1450 1339 1559 1401 per
1609 1339 1676 1378 se
1730 1339 1797 1379 se
1850 1339 2006 1378 com-

74 1411 245 1486 perta
268 1448 283 1475 ,
340 1399 458 1462 imo
508 1423 652 1463 vero
701 1399 888 1462 oculis
930 1398 1061 1460 visa
1098 1398 1229 1460 suis
1262 1400 1448 1462 refert
1478 1401 1608 1477 ille,
1653 1424 1771 1462 non
1803 1401 2004 1486 itaque

74 1497 197 1549 tam
238 1482 788 1570 historiographum
840 1506 1014 1569 quam
1036 1495 1254 1546 testem
1284 1484 1447 1569 agit,
1489 1507 1599 1546 nec
1640 1497 1781 1582 eget
1820 1485 2003 1548 inter-

76 1582 277 1656 prete3
322 1567 418 1630 hic
447 1570 701 1654 plurima
735 1593 809 1633 ex
840 1567 1073 1646 auditu,
1122 1582 1482 1655 acceptaque
1517 1569 1591 1632 ab
1627 1569 1760 1632 allis
1801 1569 2003 1645 habet,

79 1676 327 1739 quorum
369 1652 515 1715 nihil
543 1653 777 1739 quidem
810 1654 967 1716 infra
988 1676 1221 1730 verum,
1269 1653 1377 1718 sed
1415 1677 1626 1740 parum
1668 1666 1799 1731 est,
1848 1653 2004 1739 quod

80 1738 154 1802 ad
193 1739 427 1802 literam
470 1738 682 1800 summi
729 1762 838 1825 pro
880 1761 1024 1802 vero
1064 1737 1277 1824 possit.

23 2075 30 2078 ᾖ
77 1985 143 2043 3.
187 1982 290 2044 De
333 1983 648 2045 Hartm’co
690 2004 927 2065 yenere
967 1986 1261 2046 comitum
1295 1985 1373 2044 ab
1421 1983 1786 2064 Ortenburq
1820 1983 2007 2060 edito,

633 2070 961 2150 Episcopo
1007 2071 1466 2132 Ratisbonensi

948 2241 991 2317 δ
1034 2242 1134 2299 45.

468 2393 760 2459 Stephani
791 2391 1141 2456 Protoregis
1166 2391 1612 2456 Hagiographo.

248 2542 468 2603 Frater
510 2539 608 2601 hic
660 2539 771 2601 fuit
813 2538 1003 2602 Ulrici
1053 2536 1305 2601 Comitis
1353 2537 1427 2599 ab
1477 2537 1861 2623 Ortenburg,
1910 2537 2009 2622 qui

81 2645 212 2686 cum
244 2646 432 2686 uxore
467 2623 725 2708 Sophia,
773 2624 957 2686 Belae
988 2627 1034 2684 Ι.
1069 2622 1261 2706 Regis
1297 2621 1652 2706 Hungariae
1709 2623 1831 2684 filia
1873 2644 2008 2706 par-

79 2721 201 2772 tem
241 2707 414 2769 simul
437 2708 835 2771 Carantaniae
857 2707 1245 2792 Hungaricae
1281 2705 1533 2790 adeptus
1565 2706 1756 2767 Ducis
1798 2705 2009 2769 Carin-

0 2848 1 2857 ,
30 2852 34 2856 .
79 2791 380 2855 thinorum
406 2815 620 2856 nomen
643 2793 758 2855 sibi
781 2792 1008 2876 adjecit.
1048 2791 1385 2876 Episcopus
1413 2792 1819 2867 renunciatUS,
1855 2788 2011 2875 quod

82 2865 156 2939 ab
207 2900 276 2940 eo
319 2877 721 2939 Colomannus
775 2881 907 2941 Rex
950 2876 1303 2958 Hungariae
1344 2875 1617 2960 petebat,
1663 2888 1731 2938 ut
1761 2879 1831 2937 B.
1874 2877 2011 2936 Ste-

0 2967 4 3059 {
82 2959 263 3046 phani
298 2961 658 3046 Protoregis
684 2962 867 3025 vitam
897 2960 1318 3047 perscriberet,
1354 2972 1476 3022 tam
1502 2972 1734 3045 promte
1758 3008 1773 3036 ,
1836 2981 2010 3043 quam

0 3084 12 3447 l

85 3057 362 3106 accurate
399 3045 701 3129 praestitit
735 3046 934 3108 libello
998 3044 1328 3129 singulari3
1401 3044 1789 3130 conditaeque
1835 3042 2010 3103 simul

85 3128 363 3224 auspiciis
420 3129 471 3191 d.
504 3130 713 3226 ‘Regis
763 3130 922 3192 illius
973 3152 1181 3192 sacrae
1206 3141 1280 3226 'et
1318 3129 1603 3215 profanae
1646 3126 2010 3215 reipublicae

83 3217 473 3297 Hungarlcae
500 3226 670 3276 initia
705 3214 918 3278 eximie
957 3214 1250 3301 percoluit
1288 3222 1352 3293 1).

225 3400 268 3460 1)
315 3398 454 3463 Opus
474 3398 580 3463 ejus
609 3398 714 3448 JoS.
748 3397 1095 3464 Podhradczky
1125 3413 1170 3448 a.
1213 3392 1373 3447 1836
1408 3395 1558 3445 edidit
1587 3392 1860 3444 utilissimis
1892 3407 2014 3444 auc-

0 3444 21 3886 }
88 3488 191 3532 tum
222 3483 372 3533 notiS.
