2384 3886
413 176 535 232 154

410 312 569 376 Vela
622 311 928 373 mulierum
974 309 1419 406 hungarica
1475 331 1806 406 anonymus
1855 310 2009 395 apud
2055 315 2320 376 Murato-
2358 335 2363 338 ·

408 397 599 470 rium3
635 403 687 476 ⁷)
741 393 1040 457 hunnica
1076 394 1303 482 pridem
1339 406 1514 458 antea
1537 398 1819 478 PriscuS,
1861 406 2155 482 tamquam
2186 419 2320 485 spe-

408 482 553 543 ciale
600 479 875 578 quiddam
917 493 1331 544 memorarunt.
1388 480 1510 544 Sed
1555 479 1701 542 haec
1745 482 2041 544 Miinsteri
2088 483 2323 559 „omnia

411 565 778 630 crudelitatis
874 589 1053 630 enera
1113 566 1468 654 scriptoreS,
1521 577 1759 653 praeter
1788 566 2070 652 pollutam
2103 568 2321 630 utrius-

408 675 519 738 que
542 675 724 715 sexus
749 589 1115 739 pudicitiam,
1150 675 1321 738 quam
1351 651 1533 729 domi,
1582 650 1938 738 militiaeque
1969 674 2204 740 semper
2228 675 2321 716 co-

405 737 671 816 luerunt,
724 737 785 800 in
837 762 941 802 eos
978 747 1487 801 commentantur“
1519 743 1570 817 8)
1610 736 1681 800 de
1714 737 2023 824 Hungaris
2062 761 2170 826 per
2200 737 2323 800 lau-

406 822 775 886 datissimum
807 837 1108 887 auctorem
1146 822 1304 886 hunc
1342 822 1565 909 scripta
1599 835 1756 885 sunt.

537 1069 584 1131 ⁷)
629 1068 865 1134 Antiquit.
910 1068 1011 1118 ital.
1055 1068 1155 1117 aevi
1196 1067 1343 1117 medii
1392 1068 1449 1117 T.
1491 1067 1576 1117 111.
1624 1067 1710 1128 „in
1744 1067 1895 1117 altero
1926 1082 2073 1117 curru
2095 1067 2324 1133 (reginae

404 1154 524 1204 Elis.
559 1153 728 1203 matris
758 1153 882 1203 Lud.
916 1154 982 1214 Ι.)
1015 1153 1251 1202 deductae
1281 1153 1706 1218 prosequebantur
1734 1153 1852 1202 aliae
1879 1152 2108 1225 mulieres
2135 1153 2324 1204 nobiles

404 1238 755 1304 hungaricis
785 1238 902 1287 velis
934 1244 983 1288 et
1013 1238 1210 1288 corollis
1240 1238 1453 1303 purioris
1486 1239 1590 1290 auri
1620 1239 1671 1288 in
1702 1238 1858 1304 capite
1890 1243 2106 1288 ornatae.

540 1336 591 1408 8)
639 1336 829 1388 Sebast.
869 1338 1107 1389 Munsteri
1144 1354 1362 1389 cosmus,
1412 1339 1543 1390 univ.
1590 1339 1705 1389 edit.
1753 1355 1798 1388 a.
1837 1335 1993 1388 1550
2033 1338 2068 1388 1.
2101 1339 2177 1389 IV.
2217 1339 2324 1390 vide

408 1424 554 1475 etiam
599 1424 794 1474 Fessler
841 1424 1020 1474 Gesch.
1063 1440 1158 1474 von
1205 1424 1433 1491 Ungarn,
1481 1425 1519 1474 I.
1554 1425 1663 1475 Thl.
1718 1422 1770 1476 1.
1803 1424 1860 1474 Β.
1908 1440 1958 1489 p.
2002 1419 2142 1475 330.
2197 1425 2324 1491 Spe-

408 1511 572 1560 culum
612 1510 728 1561 item
765 1511 956 1577 priscae
994 1511 1212 1576 Hungar.
1256 1510 1394 1561 milit.
1438 1510 1628 1576 discipl.
1670 1510 1719 1560 in
1749 1509 1869 1560 Belii
1906 1510 1967 1565 ad
1997 1509 2122 1560 Hist.
2155 1511 2318 1576 Hung.

407 1595 658 1662 adparatu.

683 1843 782 1906 De
825 1845 1073 1926 reliquo
1118 1844 1588 1926 Hunqarorum
1632 1846 1797 1906 vitae
1838 1844 2069 1907 habitu.

1270 2049 1313 2125 ς
1356 2051 1455 2113 46.

841 2216 1277 2267 Testimonium
1314 2216 1534 2267 Leonis
1575 2217 1887 2283 sapientis·

577 2380 805 2459 Quibus
836 2380 1119 2445 Justinus
1146 2380 1535 2459 Parthorum,
1565 2379 1801 2457 iisdem,
1828 2379 1914 2443 uti
1932 2382 2059 2466 jam
2083 2379 2323 2443 adnota-

407 2468 599 2530 vimus
630 2466 788 2539 alibi,
823 2466 1023 2531 verbis
1047 2466 1280 2553 Regino
1310 2489 1505 2530 mores
1534 2470 1958 2553 Hungarorum
1991 2464 2324 2552 descripsit.

408 2552 665 2630 ClariuS,
704 2554 988 2640 profecto,
1027 2553 1306 2640 populum
1336 2565 1648 2638 utrumque
1675 2551 1850 2614 unius
1881 2574 2019 2641 esse
2048 2550 2326 2639 propagi-

410 2662 542 2702 nem
577 2639 782 2726 stirpis
807 2638 1002 2703 dicere
1028 2639 1390 2725 nequiverat.
1424 2637 1591 2702 Idem
1618 2641 1746 2701 Leo
1776 2636 2015 2726 sapiens
2036 2649 2323 2724 praestat,

411 2724 508 2811 qui
567 2723 701 2787 dum
757 2723 827 2787 de
881 2723 1144 2789 moribus
1183 2729 1610 2811 Hungarorum
1645 2723 1996 2801 dissereret,
2055 2723 2187 2786 fieri
2224 2746 2325 2786 ne-

398 2809 639 2896 quibat,
672 2810 811 2895 quin
838 2834 968 2872 cum
998 2810 1314 2873 Ammiano
1344 2809 1721 2887 Marcellino,
1758 2809 2088 2895 Priscoque
2116 2832 2325 2872 conve-

409 2895 590 2970 niret3
635 2894 838 2981 sicque
865 2895 1038 2982 plane
1075 2908 1476 2959 consentanea
1505 2908 1564 2958 et
1599 2894 1670 2959 de
1707 2893 2031 2957 virtutibus
2066 2907 2125 2958 et
2164 2893 2324 2958 vitiis

409 2985 836 3067 Hungarorum
880 2979 1178 3057 traderet,
1231 2993 1298 3043 ut
1346 2981 1484 3043 licet
1526 2980 1673 3043 haec
1719 3003 1828 3042 sua
1855 2979 1986 3067 ipse
2022 2979 2326 3068 experien-

411 3067 494 3131 tia
536 3065 861 3154 acceperit‚
909 3065 1199 3128 sumsisse
1241 3065 1314 3127 ah
1364 3065 1438 3128 iis
1486 3064 1768 3129 videatur.
1838 3066 2113 3129 Senserit
2178 3064 2326 3129 haec
2382 3124 2384 3129 Α

413 3152 848 3217 eruditissimus
888 3175 1120 3238 quoque
1153 3155 1213 3213 H
1232 3175 1265 3213 a
1283 3151 1337 3213 ll
1357 3176 1391 3214 a
1409 3175 1462 3213 m
1481 3151 1558 3214 iu
1577 3175 1623 3213 S.
1671 3151 1786 3228 Qui
1820 3163 1956 3231 ante
1979 3151 2090 3216 hos
2112 3150 2325 3237 viginti

413 3252 473 3302 et
515 3237 669 3325 quod
687 3238 844 3301 ultra
867 3250 979 3315 est,
1013 3260 1218 3314 annosi,
1251 3237 1379 3324 ipse
1403 3237 1542 3301 item
1569 3237 1655 3299 sic
1679 3237 1750 3301 de
1768 3238 2077 3324 Hungaris
2102 3260 2221 3300 sec.
2244 3239 2323 3300 X.

414 3324 684 3412 scripsit,
743 3336 810 3387 ut
867 3322 978 3387 hos
1026 3321 1338 3387 disserte
1394 3327 1697 3387 Hunnos
1748 3323 2204 3411 appellando,
2263 3321 2323 3384 si

414 3433 544 3472 non
587 3410 999 3497 populareS,
1061 3409 1258 3472 vultu
1305 3422 1496 3474 certe
1542 3409 2027 3496 moribusque,
2082 3408 2322 3472 Atilae

416 3495 808 3558 simillimos
850 3507 1319 3559 asseveraret.
