2384 3886
422 191 547 247 236

423 329 747 413 (lorumque
770 330 1022 389 Patrum
1054 326 1289 389 nomine
1327 327 1585 414 penitius
1606 325 1863 388 discerni
1888 328 1946 389 in
1968 324 2340 394 consuetudi-

422 437 556 476 nem
581 413 787 489 vertit,
833 411 1233 499 amplissimus
1256 410 1348 473 hic
1385 410 1625 498 epitheti
1669 410 2001 475 nobilium
2047 412 2234 481 honos
2268 415 2341 477 ad

418 502 690 561 Barones
742 497 919 582 regni
971 509 1030 560 et
1082 496 1382 583 proximos
1435 499 1530 561 his
1584 496 1988 582 Magistratus
2042 499 2339 586 pertinuit.

420 583 734 646 Palatinus
767 582 1020 669 quidem,
1061 582 1291 646 reddita
1325 581 1552 648 muneri
1575 606 1684 646 suo
1705 583 1941 669 legibus
1961 582 2241 648 Andreae
2258 588 2337 647 11.

421 673 622 756 prisca
648 667 884 732 ‚Iudicis
926 668 1361 732 communitatis
1396 668 1779 745 auctoritate,
1826 671 1951 755 jam
1992 668 2143 756 ipsis
2195 664 2338 733 adeo

421 758 511 818 Re
560 754 696 816 ibus
719 756 964 818 Comes
996 777 1318 840 magnUS,
1340 761 1390 834 2)
1421 754 1717 818 nonnullis
1744 766 2085 818 strenuus
2115 755 2339 829 miles3

419 778 579 925 stylo
604 852 800 903 tamen
827 840 1206 927 diplomatum
1229 841 1543 917 constanti,
1569 852 1628 902 et
1647 840 1745 902 ille
1768 852 1827 904 et
1849 839 2122 925 Vajvoda
2139 844 2359 903 Tran-‘

421 925 728 1011 sylvaniae
777 938 837 989 et
876 926 1059 989 ceteri
1101 928 1372 988 Barones
1421 925 1694 989 nobiles
1746 938 1814 988 et
1865 924 2146 989 honesti
2201 929 2340 989 Do-

417 1012 607 1074 mini¹
633 1011 1101 1100 appellabantur.
1153 1014 1248 1074 Ex
1290 1008 1384 1072 his
1427 1011 1577 1074 satis
1624 1033 1919 1097 superque
1961 1011 2340 1098 intelligitur3

421 1098 712 1161 Comitem
763 1098 1099 1159 Palatinum
1124 1145 1140 1173 ,
1208 1109 1561 1183 ceterosque
1614 1098 1886 1160 Barones
1940 1097 2117 1183 regni
2143 1146 2158 1174 ,
2224 1121 2342 1161 non

419 1183 586 1259 olim,
634 1206 807 1268 quam
844 1181 1046 1257 hodie,
1094 1182 1447 1246 auctoritate
1479 1182 1764 1255 minores;
1811 1182 1917 1246 sed
1947 1185 2092 1259 vim,
2140 1181 2339 1259 decuS,

419 1268 828 1332 excellentiam
852 1267 1292 1355 appellationis:
1320 1268 1692 1345 nobilium,
1722 1266 2201 1346 honestorum,
2233 1269 2340 1332 do-

418 1354 785 1431 minorum,
867 1354 1068 1441 prisca
1127 1354 1523 1441 simplicitatis
1570 1376 1799 1416 morum
1846 1355 2044 1440 gratia
2070 1354 2340 1440 integra,

423 1441 608 1503 multo
644 1440 834 1503 fuisse
878 1439 1218 1516 maximam,
1279 1452 1338 1503 et
1379 1440 1717 1527 quibusque
1759 1440 1953 1503 nostri
2000 1440 2176 1527 hujus
2211 1440 2341 1502 aevi

423 1525 808 1614 amplissimis
839 1525 1031 1589 titulis
1070 1525 1427 1613 ampliorem.
1455 1532 1506 1606 3)

420 1789 466 1822 a.
506 1766 693 1822 1148:
747 1774 891 1840 cujus
922 1774 994 1826 rei
1025 1790 1170 1825 causa
1208 1775 1528 1825 multorum
1568 1773 1741 1839 regni
1770 1771 2067 1822 Nobilium
2104 1772 2339 1838 signata

418 1865 510 1909 est
545 1859 925 1923 testimonio,
976 1877 1186 1926 quorum
1223 1860 1291 1911 ibi
1334 1861 1608 1926 praesentia
1651 1859 1803 1910 adfuit
1850 1857 2238 1923 (Episcoporum
2293 1866 2341 1908 et

417 1944 739 2006 Primorum.)
773 1946 944 2011 Steph.
966 1946 1052 1996 ΙΙΙ.
1075 1962 1119 1996 a.
1148 1944 1173 1995 1
1191 1944 1326 1997 165.
1363 1961 1526 2011 „quae
1559 1962 1705 1996 causa
1728 1951 1782 1995 ut
1800 1946 1938 1995 firma
1970 1943 2035 1994 sit
2063 1944 2338 2008 praesentia

418 2045 679 2079 meorum
712 2030 1027 2081 nobilium:
1076 2031 1236 2082 Lucae
1272 2031 1674 2096 Archiepiscopi,
1720 2029 1915 2080 Ombud
1951 2029 2180 2090 Palatini,
2231 2036 2329 2086 cet.

419 2115 632 2165 adscribi
662 2115 815 2165 feci.“
863 2117 985 2167 And.
1008 2117 1069 2167 ΙΙ,
1097 2133 1141 2167 a.
1181 2114 1339 2169 1223
1381 2116 1807 2182 praesentibus
1836 2114 2168 2174 nobilibus:
2216 2115 2339 2166 Dio-

417 2200 546 2250 nisio
577 2200 820 2262 Palatino,
862 2203 970 2252 Jula
999 2203 1133 2252 Bano
1166 2211 1259 2253 cet.
1307 2203 1545 2253 Praestito
1576 2202 1635 2252 ab
1666 2202 1775 2267 ipso
1815 2201 1972 2265 Rege
2010 2207 2066 2250 et
2103 2200 2340 2262 Nobili,-

415 2286 719 2362 hus—suis,
771 2288 853 2353 qui
899 2295 1019 2338 tunc
1065 2297 1351 2354 praesentes
1400 2295 1563 2350 erant,
1613 2287 1808 2353 publice
1849 2285 2130 2352 juramanto
2170 2285 2339 2335 dicunt

416 2363 624 2421 Praelati
654 2372 931 2438 Hungariae
962 2391 1006 2424 a.
1040 2370 1218 2425 1223.
1256 2375 1385 2426 Thu.
1416 2370 1470 2424 P.
1507 2374 1568 2424 ΙΙ.
1602 2389 1712 2438 cap.
1749 2369 1846 2434 39,
1885 2368 1982 2433 73,
2016 2365 2114 2425 84.
2154 2371 2340 2421 Nobi-

418 2458 559 2507 lium
591 2456 808 2523 epitheto
839 2476 929 2525 pro
961 2460 1268 2526 magnatibus
1301 2467 1349 2510 et
1378 2475 1486 2525 cap.
1522 2454 1600 2510 84
1631 2475 1722 2525 pro
1761 2458 1874 2508 viris
1913 2457 2078 2507 valde
2109 2456 2339 2522 magni-

416 2543 552 2593 ficis
591 2544 760 2594 utitur.
809 2545 949 2611 Apud
999 2547 1111 2597 Not.
1152 2546 1296 2596 Belae
1330 2547 1387 2596 R.
1430 2562 1520 2596 vox
1549 2561 1604 2595 ea
1642 2544 1800 2610 capite
1833 2537 1914 2594 44
1943 2543 2004 2593 de
2039 2542 2216 2608 Csepel
2253 2542 2336 2591 in-

419 2628 523 2679 sula
579 2637 672 2691 „ut
717 2630 901 2681 ducalis
941 2639 1073 2682 esset
1101 2632 1286 2693 insula,
1322 2639 1370 2682 et
1400 2648 1554 2683 unus
1586 2630 1837 2697 quisque
1867 2628 2160 2680 nobilium
2185 2643 2339 2696 per—

419 2730 703 2764 sonarum
735 2733 873 2767 suam
904 2717 970 2767 ibi
1000 2718 1176 2768 habeat
1206 2719 1390 2770 curiam
1422 2724 1470 2768 et
1499 2717 1697 2768 villam“
1731 2715 1898 2781 utique
1927 2714 2056 2765 viros
2086 2713 2336 2779 principes

420 2799 676 2864 significat.

554 2902 601 2961 2)
647 2900 762 2950 Bela
792 2903 867 2952 IV.
909 2903 959 2952 in
998 2903 1068 2953 lit.
1114 2920 1158 2953 a.
1198 2902 1386 2955 126οε
1431 2920 1459 2954 a
1498 2920 1675 2968 magno
1716 2898 2164 2952 Comite'Rolando
2195 2899 2336 2949 Pala—

419 2986 541 3035 tino,
570 2985 716 3035 Mich.
745 2986 927 3052 Orszag
953 2989 1101 3038 Math.
1124 2990 1255 3054 Rege
1281 2990 1435 3040 Palat.
1458 2989 1505 3038 in
1528 2989 1705 3053 Script.
1740 2986 1859 3036 min.
1893 3000 1992 3034 rer.
2026 2984 2178 3050 hung.
2211 2991 2248 3035 t.
2269 2984 2331 3034 ΙΙ.

417 3087 469 3136 p.
507 3067 582 3121 30
625 3087 779 3138 aeque
817 3088 1060 3138 magnus
1101 3073 1309 3125 Comes
1347 3081 1563 3125 vocatur.
1613 3073 1728 3123 Vide
1767 3071 1910 3123 etiam
1951 3070 2067 3120 hist.
2108 3069 2330 3136 inaugur.

420 3157 582 3207 Beatr.
614 3158 747 3225 apud
778 3158 1233 3210 Schwandtneru-m.

551 3258 597 3319 3)
642 3257 721 3309 Lit
757 3274 802 3308 a.
843 3253 1002 3310 1247
1044 3259 1261 3321 „Coram
1302 3260 1488 3312 nobili
1527 3267 1576 3311 et
1611 3260 1868 3310 honesto
1907 3256 2117 3309 Domino
2159 3255 2328 3333 Steph.

417 3340 610 3393 Palat.“
666 3343 789 3394 Item
827 3360 872 3395 a.
914 3339 1071 3396 1264
1113 3347 1209 3407 ‚‚C.
1250 3340 1496 3397 Dionisius
1537 3345 1745 3397 Domino
1784 3343 2003 3394 Rolando
2039 3341 2188 3392 Palat.
2228 3339 2329 3390 viro

417 3427 615 3478 nobili
645 3435 695 3479 et
722 3430 1021 3482 honesto“
1053 3429 1283 3483 a.1275
1318 3433 1458 3494 „viro
1490 3431 1677 3484 nobili
1706 3437 1755 3481 et
1784 3430 2033 3480 honesto
2065 3426 2207 3476 Petro
2226 3425 2326 3476 Pal.

425 3510 480 3561 C.
524 3512 866 3579 Simeghien.“
909 3533 1016 3583 cap.
1056 3517 1190 3569 Jaur.
1230 3534 1275 3569 a.
1315 3515 1467 3569 1281
1524 3516 1692 3584 „quod
1730 3513 1952 3576 nobilis
1991 3510 2081 3562 vir
2113 3510 2328 3562 Joannes
