2384 3886
380 207 463 267 6⁰

381 356 442 408 et
471 365 643 429 quam
683 364 851 406 nemo
885 339 1151 427 privatus
1180 337 1405 425 magis,
1452 358 1624 424 quam
1662 335 1713 399 d.
1749 335 2108 400 Franciscus
2136 340 2284 415 Rex,

379 429 490 491 hoc
533 451 760 515 quoque
805 424 1037 489 nomine
1081 422 1356 510 Optimus
1398 421 1798 499 desiderabat,
1845 421 2147 507 negotium
2181 447 2286 510 pu-

379 514 530 577 blica
564 513 859 590 omnium,
911 510 1008 598 qui
1051 509 1111 572 in
1157 509 1355 595 aliquo
1406 532 1646 572 numero
1701 519 1869 583 sunt,
1917 507 2287 595 Scriptorum

380 599 749 663 confessione
815 595 1200 684 perarduum,
1254 598 1464 658 Status
1512 593 1729 680 publici
1766 591 2116 678 Hungariae
2160 594 2289 658 aevi

377 682 707 748 intermedii
737 680 1088 747 adumbrare
1116 679 1374 744 conabor
1405 679 1749 744 Historiam.
1771 685 1822 759 2)

511 902 558 962 2)
603 897 760 964 Hujus
792 897 1175 948 conscribendae
1205 897 1453 962 negotium
1494 896 1542 948 d.
1586 897 1686 947 Rex
1721 896 1800 947 ille
1839 896 1990 962 Prayo
2029 895 2288 958 mandavit,
2364 894 2368 895 ⁷

379 985 461 1051 qui
496 985 769 1051 profectum
815 983 931 1034 hinc
976 999 1101 1049 opus
1139 975 1308 1032 suum:
1363 982 1626 1032 Historiam
1667 983 1854 1046 Regum
1896 981 2172 1046 Hungariae
2211 981 2293 1031 in-
2366 1016 2369 1018 >

378 1069 597 1136 scripsit,
639 1068 890 1134 sequentia
928 1069 1174 1133 praefatus
1214 1066 1532 1130 „Historiam
1560 1066 1862 1131 Hungariae,
1901 1082 2045 1132 quam
2084 1065 2292 1138 statisti-
2380 1098 2384 1100 -

378 1171 485 1206 cam
514 1161 713 1214 vocant,
759 1153 990 1219 parabam
1023 1151 1263 1210 scribere,
1311 1165 1423 1199 cum
1456 1150 1574 1200 mihi
1614 1151 1866 1201 vel-invito
1898 1150 1990 1201 alia
2021 1150 2111 1201 sub
2142 1167 2292 1203 manu

376 1240 516 1302 exiit;
564 1239 810 1290 observavi
847 1238 897 1287 in
935 1237 1045 1302 ipso
1085 1234 1248 1301 operis
1286 1236 1525 1297 decursu,
1573 1251 1718 1301 quam
1755 1236 1908 1287 multa
1945 1235 2088 1287 nobis
2117 1236 2175 1287 in.
2197 1236 2290 1288 hac

374 1325 605 1374 Actorum
642 1322 950 1388 publicorum
989 1321 1256 1387 paucitate,
1300 1321 1359 1371 ad
1398 1321 1525 1371 hanc
1555 1321 1646 1372 rite
1675 1321 1980 1373 formandam
2009 1321 2169 1408 adhuc
2199 1322 2291 1372 de-

374 1409 531 1460 sint.“
577 1408 709 1458 Haec
739 1407 944 1473 Prayus;
986 1423 1083 1473 quo
1122 1406 1173 1456 in
1203 1406 1377 1456 eodem
1409 1406 1576 1472 plane,
1608 1406 1659 1458 in
1691 1423 1787 1472 quo
1819 1406 2091 1468 habitabat,
2121 1407 2293 1458 litera—

373 1510 482 1545 rum
515 1509 692 1560 genere
721 1493 832 1559 plus
861 1493 1040 1543 audere
1072 1507 1185 1543 cum
1216 1492 1544 1554 excusatione,
1578 1500 1628 1543 et
1657 1492 1762 1542 sine
1792 1492 2011 1559 periculo
2043 1491 2291 1559 suspicio-

374 1579 451 1630 nis
480 1579 781 1645 arrogantiae
810 1578 976 1628 itidem
1009 1579 1099 1629 soli
1128 1584 1315 1628 tantum
1350 1593 1569 1628 summae
1599 1578 1650 1628 in
1679 1577 1888 1644 Majores
1925 1577 2092 1644 pietati
2127 1578 2287 1630 liceat.

374 1665 540 1716 Liceat
567 1680 709 1714 vero:
755 1664 948 1730 quando
979 1664 1101 1714 haec
1133 1662 1353 1727 Gregorii
1382 1663 1663 1729 Berzeviczy
1696 1680 1859 1730 „quos
1888 1663 2106 1730 Hungari
2134 1662 2292 1714 habe-

375 1766 485 1801 mus
508 1750 788 1811 historicOS,
810 1765 910 1799 non
930 1749 1101 1815 Regni,
1130 1749 1215 1799 sed
1238 1748 1426 1814 Regum
1446 1749 1720 1815 Hungariae
1743 1749 1997 1800 historiam
2019 1749 2287 1815 scripsere3

376 1836 741 1902 successiones,
788 1835 930 1895 lites,
975 1834 1101 1885 bella
1139 1841 1233 1885 cet.
1298 1835 1393 1884 Sed
1434 1835 1542 1902 quis
1578 1836 1723 1886 fuerit
1759 1835 1899 1901 regni
1938 1841 2094 1886 status
2131 1834 2293 1886 inter-

374 1937 493 1980 nuS‚
541 1937 663 1987 quae
701 1920 1066 1986 prosperitatiS,
1114 1920 1187 1970 vel
1226 1919 1449 1970 miseriae
1490 1921 1660 1987 populi
1706 1936 1907 1982 causae,
1957 1937 2081 1986 quae
2128 1920 2291 1971 diver-

376 2022 540 2056 sarum
577 2005 845 2057 incolarum
886 2006 1116 2057 classium
1153 2005 1360 2056 invicem
1397 2006 1593 2068 relatio,
1642 2006 1751 2072 quis
1798 2006 2080 2057 existentiae
2125 2006 2291 2056 natio-

375 2091 498 2142 nalis
536 2098 585 2141 et
622 2091 985 2143 constitutionis
1022 2091 1222 2157 patriae*
1243 2090 1470 2142 habitus?
1506 2092 1556 2142 id
1594 2092 1670 2142 vix
1707 2095 2134 2142 commemorant“
2179 2106 2291 2142 ma-
2371 2132 2373 2134 .

375 2192 519 2242 gnam
549 2184 738 2243 partem
770 2177 943 2226 eodem
974 2192 1107 2227 nunc
1137 2176 1300 2242 ipsum
1333 2183 1462 2227 stant
1490 2177 1618 2227 loco.
1652 2177 1802 2228 Nobis
1834 2185 1996 2228 autem
2026 2177 2289 2228 videndum
2373 2202 2376 2217 ι

375 2269 482 2323 est,
527 2278 590 2312 ne
634 2278 734 2312 non
779 2262 897 2312 satis
945 2263 1008 2312 sit
1049 2263 1132 2322 id,
1189 2262 1319 2327 quod
1366 2262 1711 2314 celeberrimus
1755 2263 1921 2314 Belius
1965 2279 2056 2329 pro
2102 2279 2192 2314 suo
2237 2262 2324 2326 in„

375 2348 583 2398 Patriam
621 2347 915 2398 effusissimo
963 2348 1123 2398 studio
1171 2348 1405 2413 queritur.
1462 2348 1604 2410 „Soli
1644 2349 1862 2414 Hungari
1909 2354 2106 2399 nosmet
2151 2348 2289 2414 ipsos

375 2449 594 2483 amamus
624 2433 898 2499 negligere,
942 2449 1144 2506 magno,
1186 2433 1227 2483 si
1257 2434 1530 2495 fatendum,
1572 2435 1704 2500 quod
1743 2450 1823 2484 res
1855 2441 1931 2485 est
1959 2449 2125 2484 rerum
2154 2434 2289 2485 hun-

375 2519 644 2583 garicarum
693 2525 741 2571 et
785 2518 998 2571 melioris
1042 2520 1196 2571 famae
1243 2518 1558 2586 dispendi0.“
1613 2520 1798 2572 Katona
1840 2520 1890 2571 in
1937 2519 2092 2571 Praef.
2140 2519 2198 2572 T.
2245 2519 2285 2570 Ι.

374 2604 499 2655 Hist.
547 2604 629 2655 Cr.

1238 2759 1282 2836 §
1322 2758 1422 2819 59.

373 2924 574 2974 Modus
625 2923 681 2974 in
733 2922 805 2973 iis
857 2922 1289 2982 conficiendiS,
1346 2924 1442 2989 qui
1492 2923 1792 2975 minimum
1845 2924 1992 2975 artis
2037 2925 2284 2977 baberet

541 3070 978 3135 Commentaria
1014 3072 1182 3158 Opus
1222 3070 1517 3158 inscripsi,
1570 3071 1937 3136 verecundae
1973 3071 2279 3137 mediocri-

372 3157 513 3220 tatis
554 3157 827 3234 consilio,
874 3157 947 3221 ad
976 3156 1131 3243 quod
1155 3156 1311 3220 vitae
1342 3180 1506 3220 meae
1534 3158 1888 3221 curriculum
1915 3159 2279 3223 elaboratum

373 3256 482 3306 est.
540 3245 686 3306 Non
725 3243 905 3320 artis,
950 3266 1067 3306 non
1103 3243 1399 3330 palestrae
1439 3244 1631 3329 gloria
1664 3243 1805 3307 mihi
1842 3244 2171 3331 quaeritur;
2219 3245 2279 3308 in

372 3329 553 3392 rebus
601 3342 659 3392 et
699 3352 812 3392 usu
853 3351 1083 3403 versor3
1130 3328 1287 3391 illam
1332 3327 1556 3415 igitur,
1613 3342 1671 3394 et
1718 3354 1888 3416 quam
1940 3330 2280 3418 splendidae

372 3412 770 3500 hypotheses,
807 3414 1099 3492 theoriae,
1134 3427 1492 3499 systemata,
1543 3428 1601 3479 et
1631 3416 1780 3480 aliae
1819 3415 1994 3503 hujus
2037 3416 2280 3502 generis

375 3523 577 3587 parum
602 3523 702 3562 res
731 3501 1031 3565 continent
1053 3499 1278 3587 ingenii
1308 3501 1650 3566 excellentis
1675 3501 1924 3580 laudem,
1952 3501 2278 3567 concedens
