<?xml version="1.0" encoding="UTF-8"?>
<!DOCTYPE html PUBLIC "-//W3C//DTD XHTML 1.0 Transitional//EN"
    "http://www.w3.org/TR/xhtml1/DTD/xhtml1-transitional.dtd">
<html xmlns="http://www.w3.org/1999/xhtml" xml:lang="en" lang="en">
 <head>
  <title>
</title>
<meta http-equiv="Content-Type" content="text/html;charset=utf-8" />
  <meta name='ocr-system' content='tesseract 3.04.00' />
  <meta name='ocr-capabilities' content='ocr_page ocr_carea ocr_par ocr_line ocrx_word'/>
</head>
<body>
  <div class='ocr_page' id='page_1' title='image "./commentariorumad01bart_0109.png"; bbox 0 0 2384 3886; ppageno 0'>
   <div class='ocr_carea' id='block_1_1' title="bbox 0 2391 9 2874">
    <p class='ocr_par' dir='ltr' id='par_1_1' title="bbox 0 2391 9 2874">
     <span class='ocr_line' id='line_1_1' title="bbox 0 2391 9 2874; textangle 90"><span class='ocrx_word' id='word_1_1' title='bbox 0 2836 7 2874; x_wconf 42' lang='lat' dir='ltr'>a:</span> <span class='ocrx_word' id='word_1_2' title='bbox 0 2768 9 2810; x_wconf 62' lang='grc' dir='ltr'>-π-ε-</span> <span class='ocrx_word' id='word_1_3' title='bbox 7 2733 9 2736; x_wconf 94' lang='grc'>.</span> <span class='ocrx_word' id='word_1_4' title='bbox 0 2614 7 2688; x_wconf 49' lang='lat'>—0-</span> <span class='ocrx_word' id='word_1_5' title='bbox 0 2416 7 2596; x_wconf 54' lang='lat' dir='ltr'>v-›w--w</span> <span class='ocrx_word' id='word_1_6' title='bbox 0 2391 2 2401; x_wconf 34' lang='grc' dir='ltr'>ἡ</span> 
     </span>
    </p>
   </div>
   <div class='ocr_carea' id='block_1_2' title="bbox 1920 221 2037 277">
    <p class='ocr_par' dir='ltr' id='par_1_2' title="bbox 1920 221 2037 277">
     <span class='ocr_line' id='line_1_2' title="bbox 1920 221 2037 277; baseline 0 -1"><span class='ocrx_word' id='word_1_7' title='bbox 1920 221 2037 277; x_wconf 83' lang='lat'>101</span> 
     </span>
    </p>
   </div>
   <div class='ocr_carea' id='block_1_3' title="bbox 26 348 2042 441">
    <p class='ocr_par' dir='ltr' id='par_1_3' title="bbox 26 348 2042 441">
     <span class='ocr_line' id='line_1_3' title="bbox 26 348 2042 441; baseline -0.002 -21"><span class='ocrx_word' id='word_1_8' title='bbox 26 396 28 398; x_wconf 32' lang='lat' dir='ltr'>v</span> <span class='ocrx_word' id='word_1_9' title='bbox 111 361 189 420; x_wconf 75' lang='lat' dir='ltr'>Et</span> <span class='ocrx_word' id='word_1_10' title='bbox 213 348 577 418; x_wconf 89' lang='lat' dir='ltr'>munimenta</span> <span class='ocrx_word' id='word_1_11' title='bbox 598 356 799 440; x_wconf 87' lang='lat' dir='ltr'>itaque</span> <span class='ocrx_word' id='word_1_12' title='bbox 821 368 1021 417; x_wconf 85' lang='lat' dir='ltr'>terrea</span> <span class='ocrx_word' id='word_1_13' title='bbox 1052 361 1103 433; x_wconf 77' lang='grc'>2)</span> <span class='ocrx_word' id='word_1_14' title='bbox 1137 377 1256 416; x_wconf 90' lang='lat' dir='ltr'>non</span> <span class='ocrx_word' id='word_1_15' title='bbox 1282 354 1481 432; x_wconf 78' lang='lat' dir='ltr'>uniuS,</span> <span class='ocrx_word' id='word_1_16' title='bbox 1523 355 1630 418; x_wconf 87' lang='lat' dir='ltr'>sed</span> <span class='ocrx_word' id='word_1_17' title='bbox 1654 356 1911 441; x_wconf 85' lang='lat' dir='ltr'>plurium</span> <span class='ocrx_word' id='word_1_18' title='bbox 1936 356 2042 416; x_wconf 81' lang='lat' dir='ltr'>vil-</span> 
     </span>
    </p>
   </div>
   <div class='ocr_carea' id='block_1_4' title="bbox 110 439 2044 619">
    <p class='ocr_par' dir='ltr' id='par_1_4' title="bbox 110 439 2044 619">
     <span class='ocr_line' id='line_1_4' title="bbox 110 439 2044 525; baseline -0.001 -23"><span class='ocrx_word' id='word_1_19' title='bbox 110 442 300 502; x_wconf 87' lang='lat' dir='ltr'>larum</span> <span class='ocrx_word' id='word_1_20' title='bbox 332 439 628 524; x_wconf 87' lang='lat' dir='ltr'>praesidio</span> <span class='ocrx_word' id='word_1_21' title='bbox 654 462 762 525; x_wconf 90' lang='lat' dir='ltr'>per</span> <span class='ocrx_word' id='word_1_22' title='bbox 795 440 1062 522; x_wconf 87' lang='lat' dir='ltr'>Majores</span> <span class='ocrx_word' id='word_1_23' title='bbox 1090 451 1334 500; x_wconf 87' lang='lat' dir='ltr'>nostros</span> <span class='ocrx_word' id='word_1_24' title='bbox 1365 451 1503 523; x_wconf 89' lang='lat' dir='ltr'>post</span> <span class='ocrx_word' id='word_1_25' title='bbox 1539 452 1862 525; x_wconf 89' lang='lat' dir='ltr'>occupatas</span> <span class='ocrx_word' id='word_1_26' title='bbox 1886 442 2044 501; x_wconf 87' lang='lat' dir='ltr'>Pan-</span> 
     </span>
     <span class='ocr_line' id='line_1_5' title="bbox 112 520 2044 619; baseline 0.001 -35"><span class='ocrx_word' id='word_1_27' title='bbox 112 523 620 619; x_wconf 41' lang='lat' dir='ltr'>nomas-plurima</span> <span class='ocrx_word' id='word_1_28' title='bbox 661 533 889 597; x_wconf 87' lang='lat' dir='ltr'>erecta,</span> <span class='ocrx_word' id='word_1_29' title='bbox 945 520 1151 605; x_wconf 90' lang='lat' dir='ltr'>sicque</span> <span class='ocrx_word' id='word_1_30' title='bbox 1188 544 1305 582; x_wconf 93' lang='lat' dir='ltr'>non</span> <span class='ocrx_word' id='word_1_31' title='bbox 1340 544 1442 582; x_wconf 90' lang='lat' dir='ltr'>res</span> <span class='ocrx_word' id='word_1_32' title='bbox 1483 535 1745 601; x_wconf 89' lang='lat' dir='ltr'>tantum,</span> <span class='ocrx_word' id='word_1_33' title='bbox 1791 522 1899 586; x_wconf 91' lang='lat' dir='ltr'>sed</span> <span class='ocrx_word' id='word_1_34' title='bbox 1942 547 2044 586; x_wconf 85' lang='lat' dir='ltr'>no-</span> 
     </span>
    </p>
   </div>
   <div class='ocr_carea' id='block_1_5' title="bbox 48 606 2046 776">
    <p class='ocr_par' dir='ltr' id='par_1_5' title="bbox 48 606 2046 776">
     <span class='ocr_line' id='line_1_6' title="bbox 96 606 2046 693; baseline -0.001 -23"><span class='ocrx_word' id='word_1_35' title='bbox 96 630 247 679; x_wconf 89' lang='lat' dir='ltr'>men</span> <span class='ocrx_word' id='word_1_36' title='bbox 276 619 453 670; x_wconf 81' lang='lat' dir='ltr'>etlam</span> <span class='ocrx_word' id='word_1_37' title='bbox 482 606 866 670; x_wconf 87' lang='lat' dir='ltr'>vernaculum</span> <span class='ocrx_word' id='word_1_38' title='bbox 890 617 1227 678; x_wconf 84' lang='lat' dir='ltr'>servatum3</span> <span class='ocrx_word' id='word_1_39' title='bbox 1261 616 1322 666; x_wconf 89' lang='lat' dir='ltr'>et</span> <span class='ocrx_word' id='word_1_40' title='bbox 1349 606 1506 689; x_wconf 88' lang='lat' dir='ltr'>quod</span> <span class='ocrx_word' id='word_1_41' title='bbox 1532 630 1715 669; x_wconf 91' lang='lat' dir='ltr'>nosse</span> <span class='ocrx_word' id='word_1_42' title='bbox 1748 620 1810 670; x_wconf 89' lang='lat' dir='ltr'>te</span> <span class='ocrx_word' id='word_1_43' title='bbox 1845 629 2046 693; x_wconf 85' lang='lat' dir='ltr'>quam-</span> 
     </span>
     <span class='ocr_line' id='line_1_7' title="bbox 48 687 2046 776; baseline 0 -24"><span class='ocrx_word' id='word_1_44' title='bbox 48 766 51 771; x_wconf 17' lang='lat'>.</span> <span class='ocrx_word' id='word_1_45' title='bbox 111 692 362 776; x_wconf 90' lang='lat' dir='ltr'>primum</span> <span class='ocrx_word' id='word_1_46' title='bbox 401 690 600 752; x_wconf 87' lang='lat' dir='ltr'>velim:</span> <span class='ocrx_word' id='word_1_47' title='bbox 645 687 779 750; x_wconf 91' lang='lat' dir='ltr'>inde</span> <span class='ocrx_word' id='word_1_48' title='bbox 810 711 844 750; x_wconf 87' lang='lat' dir='ltr'>a</span> <span class='ocrx_word' id='word_1_49' title='bbox 869 689 1158 775; x_wconf 87' lang='lat' dir='ltr'>principio</span> <span class='ocrx_word' id='word_1_50' title='bbox 1189 710 1389 751; x_wconf 85' lang='lat' dir='ltr'>rerum</span> <span class='ocrx_word' id='word_1_51' title='bbox 1414 687 1910 774; x_wconf 81' lang='lat' dir='ltr'>hungaricarum,</span> <span class='ocrx_word' id='word_1_52' title='bbox 1956 690 2046 752; x_wconf 93' lang='lat' dir='ltr'>in-</span> 
     </span>
    </p>
   </div>
   <div class='ocr_carea' id='block_1_6' title="bbox 110 772 2053 1281">
    <p class='ocr_par' dir='ltr' id='par_1_6' title="bbox 110 772 2053 1281">
     <span class='ocr_line' id='line_1_8' title="bbox 111 772 2048 860; baseline -0.001 -22"><span class='ocrx_word' id='word_1_53' title='bbox 111 776 364 860; x_wconf 90' lang='lat' dir='ltr'>dagines</span> <span class='ocrx_word' id='word_1_54' title='bbox 401 774 462 834; x_wconf 91' lang='lat' dir='ltr'>in</span> <span class='ocrx_word' id='word_1_55' title='bbox 510 795 683 833; x_wconf 90' lang='lat' dir='ltr'>usum</span> <span class='ocrx_word' id='word_1_56' title='bbox 724 772 864 834; x_wconf 89' lang='lat' dir='ltr'>belli</span> <span class='ocrx_word' id='word_1_57' title='bbox 922 796 1159 849; x_wconf 86' lang='lat' dir='ltr'>secare,</span> <span class='ocrx_word' id='word_1_58' title='bbox 1225 772 1513 858; x_wconf 78' lang='lat' dir='ltr'>cespitem</span> <span class='ocrx_word' id='word_1_59' title='bbox 1558 773 1631 835; x_wconf 90' lang='lat' dir='ltr'>ad</span> <span class='ocrx_word' id='word_1_60' title='bbox 1673 789 1876 837; x_wconf 87' lang='lat' dir='ltr'>castra</span> <span class='ocrx_word' id='word_1_61' title='bbox 1910 798 2048 838; x_wconf 91' lang='lat' dir='ltr'>con-</span> 
     </span>
     <span class='ocr_line' id='line_1_9' title="bbox 113 856 2047 943; baseline -0.001 -22"><span class='ocrx_word' id='word_1_62' title='bbox 113 881 358 943; x_wconf 79' lang='lat' dir='ltr'>gerere,</span> <span class='ocrx_word' id='word_1_63' title='bbox 405 878 752 940; x_wconf 88' lang='lat' dir='ltr'>omnemque</span> <span class='ocrx_word' id='word_1_64' title='bbox 784 856 948 918; x_wconf 76' lang='lat' dir='ltr'>illum</span> <span class='ocrx_word' id='word_1_65' title='bbox 983 857 1249 920; x_wconf 89' lang='lat' dir='ltr'>laborem</span> <span class='ocrx_word' id='word_1_66' title='bbox 1286 856 1532 941; x_wconf 81' lang='lat' dir='ltr'>exequi,</span> <span class='ocrx_word' id='word_1_67' title='bbox 1574 880 1748 943; x_wconf 91' lang='lat' dir='ltr'>quem</span> <span class='ocrx_word' id='word_1_68' title='bbox 1779 858 2047 921; x_wconf 81' lang='lat' dir='ltr'>Thomas</span> 
     </span>
     <span class='ocr_line' id='line_1_10' title="bbox 110 940 2049 1028; baseline -0.001 -23"><span class='ocrx_word' id='word_1_69' title='bbox 110 940 636 1005; x_wconf 87' lang='lat' dir='ltr'>Archi-Diaconus</span> <span class='ocrx_word' id='word_1_70' title='bbox 677 941 1057 1026; x_wconf 83' lang='lat' dir='ltr'>Spalatensis</span> <span class='ocrx_word' id='word_1_71' title='bbox 1089 963 1198 1028; x_wconf 91' lang='lat' dir='ltr'>per</span> <span class='ocrx_word' id='word_1_72' title='bbox 1228 940 1415 1003; x_wconf 85' lang='lat' dir='ltr'>verba</span> <span class='ocrx_word' id='word_1_73' title='bbox 1459 947 1512 1020; x_wconf 85' lang='grc'>3)</span> <span class='ocrx_word' id='word_1_74' title='bbox 1561 941 1781 1006; x_wconf 89' lang='lat' dir='ltr'>indicat</span> <span class='ocrx_word' id='word_1_75' title='bbox 1843 966 2049 1018; x_wconf 85' lang='lat' dir='ltr'>„cae-</span> 
     </span>
     <span class='ocr_line' id='line_1_11' title="bbox 120 1024 2050 1112; baseline 0 -24"><span class='ocrx_word' id='word_1_76' title='bbox 120 1037 376 1112; x_wconf 89' lang='lat' dir='ltr'>perunt</span> <span class='ocrx_word' id='word_1_77' title='bbox 427 1025 654 1087; x_wconf 91' lang='lat' dir='ltr'>locum</span> <span class='ocrx_word' id='word_1_78' title='bbox 711 1026 1007 1103; x_wconf 86' lang='lat' dir='ltr'>munire,</span> <span class='ocrx_word' id='word_1_79' title='bbox 1061 1027 1318 1088; x_wconf 85' lang='lat' dir='ltr'>vallum</span> <span class='ocrx_word' id='word_1_80' title='bbox 1373 1024 1722 1104; x_wconf 83' lang='lat' dir='ltr'>effodere,</span> <span class='ocrx_word' id='word_1_81' title='bbox 1779 1047 2050 1112; x_wconf 87' lang='lat' dir='ltr'>compo—</span> 
     </span>
     <span class='ocr_line' id='line_1_12' title="bbox 116 1107 2050 1197; baseline 0.001 -26"><span class='ocrx_word' id='word_1_82' title='bbox 116 1133 283 1174; x_wconf 90' lang='lat' dir='ltr'>nere</span> <span class='ocrx_word' id='word_1_83' title='bbox 326 1131 690 1194; x_wconf 82' lang='lat' dir='ltr'>aggerem,</span> <span class='ocrx_word' id='word_1_84' title='bbox 745 1107 1088 1172; x_wconf 87' lang='lat' dir='ltr'>vimineas</span> <span class='ocrx_word' id='word_1_85' title='bbox 1135 1122 1370 1172; x_wconf 89' lang='lat' dir='ltr'>crates</span> <span class='ocrx_word' id='word_1_86' title='bbox 1418 1109 2050 1197; x_wconf 83' lang='lat' dir='ltr'>circumplectere“</span> 
     </span>
     <span class='ocr_line' id='line_1_13' title="bbox 116 1192 2053 1281; baseline 0 -25"><span class='ocrx_word' id='word_1_87' title='bbox 116 1206 249 1270; x_wconf 60' lang='lat' dir='ltr'>cet„</span> <span class='ocrx_word' id='word_1_88' title='bbox 285 1192 588 1280; x_wconf 90' lang='lat' dir='ltr'>proprium</span> <span class='ocrx_word' id='word_1_89' title='bbox 619 1193 775 1278; x_wconf 89' lang='lat' dir='ltr'>apud</span> <span class='ocrx_word' id='word_1_90' title='bbox 806 1215 918 1256; x_wconf 89' lang='lat' dir='ltr'>nos</span> <span class='ocrx_word' id='word_1_91' title='bbox 951 1194 1201 1281; x_wconf 91' lang='lat' dir='ltr'>populi</span> <span class='ocrx_word' id='word_1_92' title='bbox 1235 1195 1644 1256; x_wconf 87' lang='lat' dir='ltr'>castrensis</span> <span class='ocrx_word' id='word_1_93' title='bbox 1678 1218 1896 1258; x_wconf 90' lang='lat' dir='ltr'>munus</span> <span class='ocrx_word' id='word_1_94' title='bbox 1924 1195 2053 1257; x_wconf 85' lang='lat' dir='ltr'>fuit.</span> 
     </span>
    </p>
   </div>
   <div class='ocr_carea' id='block_1_7' title="bbox 308 1321 628 1331">
    <p class='ocr_par' dir='ltr' id='par_1_7' title="bbox 308 1321 628 1331">
     <span class='ocr_line' id='line_1_14' title="bbox 308 1321 628 1331; baseline 0 2555"><span class='ocrx_word' id='word_1_95' title='bbox 308 1321 628 1331; x_wconf 95' lang='lat' dir='ltr'> </span> 
     </span>
    </p>
   </div>
   <div class='ocr_carea' id='block_1_8' title="bbox 120 1322 307 1333">
    <p class='ocr_par' dir='ltr' id='par_1_8' title="bbox 120 1322 307 1333">
     <span class='ocr_line' id='line_1_15' title="bbox 120 1322 307 1333; baseline 0 2553"><span class='ocrx_word' id='word_1_96' title='bbox 120 1322 307 1333; x_wconf 95' lang='lat' dir='ltr'> </span> 
     </span>
    </p>
   </div>
   <div class='ocr_carea' id='block_1_9' title="bbox 242 1344 2050 1442">
    <p class='ocr_par' dir='ltr' id='par_1_9' title="bbox 242 1344 2050 1442">
     <span class='ocr_line' id='line_1_16' title="bbox 242 1344 2050 1442; baseline -0.001 -15"><span class='ocrx_word' id='word_1_97' title='bbox 242 1379 294 1438; x_wconf 77' lang='grc'>2)</span> <span class='ocrx_word' id='word_1_98' title='bbox 339 1376 633 1440; x_wconf 85' lang='lat' dir='ltr'>Exemplum</span> <span class='ocrx_word' id='word_1_99' title='bbox 664 1391 818 1426; x_wconf 90' lang='lat' dir='ltr'>unum</span> <span class='ocrx_word' id='word_1_100' title='bbox 849 1391 941 1442; x_wconf 90' lang='lat' dir='ltr'>pro</span> <span class='ocrx_word' id='word_1_101' title='bbox 972 1344 1199 1442; x_wconf 83' lang='lat' dir='ltr'>plurimis</span> <span class='ocrx_word' id='word_1_102' title='bbox 1229 1375 1434 1440; x_wconf 85' lang='lat' dir='ltr'>praehet</span> <span class='ocrx_word' id='word_1_103' title='bbox 1463 1391 1511 1426; x_wconf 90' lang='lat' dir='ltr'>c.</span> <span class='ocrx_word' id='word_1_104' title='bbox 1531 1376 1658 1426; x_wconf 91' lang='lat' dir='ltr'><strong>XXI.</strong></span> <span class='ocrx_word' id='word_1_105' title='bbox 1693 1391 1775 1441; x_wconf 91' lang='lat' dir='ltr'>op.</span> <span class='ocrx_word' id='word_1_106' title='bbox 1809 1376 1958 1426; x_wconf 87' lang='lat' dir='ltr'>Belae</span> <span class='ocrx_word' id='word_1_107' title='bbox 1990 1375 2050 1426; x_wconf 84' lang='lat' dir='ltr'>R.</span> 
     </span>
    </p>
   </div>
   <div class='ocr_carea' id='block_1_10' title="bbox 90 1454 2054 1526">
    <p class='ocr_par' dir='ltr' id='par_1_10' title="bbox 90 1454 2054 1526">
     <span class='ocr_line' id='line_1_17' title="bbox 90 1454 2054 1526; baseline 0 -16"><span class='ocrx_word' id='word_1_108' title='bbox 90 1454 224 1512; x_wconf 84' lang='lat' dir='ltr'>Not.</span> <span class='ocrx_word' id='word_1_109' title='bbox 260 1461 554 1522; x_wconf 82' lang='lat' dir='ltr'>„communi</span> <span class='ocrx_word' id='word_1_110' title='bbox 585 1475 703 1525; x_wconf 85' lang='lat' dir='ltr'>ergo</span> <span class='ocrx_word' id='word_1_111' title='bbox 735 1460 946 1510; x_wconf 91' lang='lat' dir='ltr'>consilio</span> <span class='ocrx_word' id='word_1_112' title='bbox 978 1461 1230 1511; x_wconf 88' lang='lat' dir='ltr'>sociorum</span> <span class='ocrx_word' id='word_1_113' title='bbox 1262 1475 1489 1521; x_wconf 86' lang='lat' dir='ltr'>suorum,</span> <span class='ocrx_word' id='word_1_114' title='bbox 1524 1461 1907 1526; x_wconf 81' lang='lat' dir='ltr'>congregatione</span> <span class='ocrx_word' id='word_1_115' title='bbox 1926 1461 2054 1510; x_wconf 86' lang='lat' dir='ltr'>facta</span> 
     </span>
    </p>
   </div>
   <div class='ocr_carea' id='block_1_11' title="bbox 117 1545 2055 1679">
    <p class='ocr_par' dir='ltr' id='par_1_11' title="bbox 117 1545 2055 1679">
     <span class='ocr_line' id='line_1_18' title="bbox 117 1545 2055 1610; baseline 0.001 -16"><span class='ocrx_word' id='word_1_116' title='bbox 117 1545 362 1604; x_wconf 83' lang='lat' dir='ltr'>civium,</span> <span class='ocrx_word' id='word_1_117' title='bbox 411 1545 528 1594; x_wconf 85' lang='lat' dir='ltr'>fecit</span> <span class='ocrx_word' id='word_1_118' title='bbox 567 1545 786 1595; x_wconf 84' lang='lat' dir='ltr'>Zobolsu</span> <span class='ocrx_word' id='word_1_119' title='bbox 822 1546 1063 1596; x_wconf 82' lang='lat' dir='ltr'>fossatum</span> <span class='ocrx_word' id='word_1_120' title='bbox 1103 1559 1340 1610; x_wconf 87' lang='lat' dir='ltr'>magnum</span> <span class='ocrx_word' id='word_1_121' title='bbox 1379 1551 1430 1595; x_wconf 87' lang='lat' dir='ltr'>et</span> <span class='ocrx_word' id='word_1_122' title='bbox 1469 1551 1687 1596; x_wconf 85' lang='lat' dir='ltr'>castrum</span> <span class='ocrx_word' id='word_1_123' title='bbox 1726 1545 2055 1595; x_wconf 80' lang='lat' dir='ltr'>fortissimum</span> 
     </span>
     <span class='ocr_line' id='line_1_19' title="bbox 117 1611 698 1679; baseline 0 0"><span class='ocrx_word' id='word_1_124' title='bbox 117 1611 386 1679; x_wconf 55' lang='lat' dir='ltr'>aedificarit</span> <span class='ocrx_word' id='word_1_125' title='bbox 413 1644 474 1678; x_wconf 87' lang='lat' dir='ltr'>cx</span> <span class='ocrx_word' id='word_1_126' title='bbox 504 1632 698 1679; x_wconf 87' lang='lat' dir='ltr'>terra.“</span> 
     </span>
    </p>
   </div>
   <div class='ocr_carea' id='block_1_12' title="bbox 114 1709 2045 1861">
    <p class='ocr_par' dir='ltr' id='par_1_12' title="bbox 114 1709 2045 1861">
     <span class='ocr_line' id='line_1_20' title="bbox 207 1709 2045 1780; baseline 0 -18"><span class='ocrx_word' id='word_1_127' title='bbox 207 1714 255 1774; x_wconf 83' lang='lat'>³)</span> <span class='ocrx_word' id='word_1_128' title='bbox 300 1713 417 1763; x_wconf 82' lang='lat' dir='ltr'>Vide</span> <span class='ocrx_word' id='word_1_129' title='bbox 447 1713 575 1765; x_wconf 87' lang='lat' dir='ltr'>Hist.</span> <span class='ocrx_word' id='word_1_130' title='bbox 609 1712 815 1764; x_wconf 84' lang='lat' dir='ltr'>Salonit.</span> <span class='ocrx_word' id='word_1_131' title='bbox 849 1730 894 1764; x_wconf 91' lang='lat' dir='ltr'>c.</span> <span class='ocrx_word' id='word_1_132' title='bbox 931 1709 1030 1764; x_wconf 88' lang='lat'>37.</span> <span class='ocrx_word' id='word_1_133' title='bbox 1072 1714 1205 1780; x_wconf 87' lang='lat' dir='ltr'>apud</span> <span class='ocrx_word' id='word_1_134' title='bbox 1242 1714 1617 1765; x_wconf 87' lang='lat' dir='ltr'>Schwandtner.</span> <span class='ocrx_word' id='word_1_135' title='bbox 1668 1714 1727 1764; x_wconf 91' lang='lat' dir='ltr'>T.</span> <span class='ocrx_word' id='word_1_136' title='bbox 1760 1714 1846 1764; x_wconf 90' lang='lat'>111.</span> <span class='ocrx_word' id='word_1_137' title='bbox 1897 1713 1951 1763; x_wconf 89' lang='grc' dir='ltr'>Ρ.</span> <span class='ocrx_word' id='word_1_138' title='bbox 1989 1711 2045 1762; x_wconf 81' lang='grc'>2.</span> 
     </span>
     <span class='ocr_line' id='line_1_21' title="bbox 114 1794 403 1861; baseline 0 -15"><span class='ocrx_word' id='word_1_139' title='bbox 114 1812 226 1861; x_wconf 83' lang='lat' dir='ltr'>pag.</span> <span class='ocrx_word' id='word_1_140' title='bbox 260 1794 403 1848; x_wconf 79' lang='lat'><strong>607.</strong></span> 
     </span>
    </p>
   </div>
   <div class='ocr_carea' id='block_1_13' title="bbox 987 1960 1174 2036">
    <p class='ocr_par' dir='ltr' id='par_1_13' title="bbox 987 1960 1174 2036">
     <span class='ocr_line' id='line_1_22' title="bbox 987 1960 1174 2036; baseline -0.005 -17"><span class='ocrx_word' id='word_1_141' title='bbox 987 1960 1030 2036; x_wconf 69' lang='grc' dir='ltr'><strong><em>ς</em></strong></span> <span class='ocrx_word' id='word_1_142' title='bbox 1075 1962 1174 2019; x_wconf 74' lang='lat' dir='ltr'>ss.</span> 
     </span>
    </p>
   </div>
   <div class='ocr_carea' id='block_1_14' title="bbox 414 2123 1757 2191">
    <p class='ocr_par' dir='ltr' id='par_1_14' title="bbox 414 2123 1757 2191">
     <span class='ocr_line' id='line_1_23' title="bbox 414 2123 1757 2191; baseline 0.001 -17"><span class='ocrx_word' id='word_1_143' title='bbox 414 2123 686 2175; x_wconf 85' lang='lat' dir='ltr'>Bellandi</span> <span class='ocrx_word' id='word_1_144' title='bbox 714 2139 812 2177; x_wconf 84' lang='lat' dir='ltr'>ars</span> <span class='ocrx_word' id='word_1_145' title='bbox 845 2124 1097 2187; x_wconf 80' lang='lat' dir='ltr'>ChuniS,</span> <span class='ocrx_word' id='word_1_146' title='bbox 1141 2124 1595 2190; x_wconf 85' lang='lat' dir='ltr'>Varchunisque</span> <span class='ocrx_word' id='word_1_147' title='bbox 1627 2142 1757 2191; x_wconf 84' lang='lat' dir='ltr'>par;</span> 
     </span>
    </p>
   </div>
   <div class='ocr_carea' id='block_1_15' title="bbox 118 2284 2065 2964">
    <p class='ocr_par' dir='ltr' id='par_1_15' title="bbox 118 2284 2065 2964">
     <span class='ocr_line' id='line_1_24' title="bbox 285 2284 2058 2372; baseline -0.001 -23"><span class='ocrx_word' id='word_1_148' title='bbox 285 2290 367 2350; x_wconf 80' lang='lat' dir='ltr'>Et</span> <span class='ocrx_word' id='word_1_149' title='bbox 411 2284 608 2350; x_wconf 83' lang='lat' dir='ltr'>Chuni</span> <span class='ocrx_word' id='word_1_150' title='bbox 650 2298 710 2349; x_wconf 88' lang='lat' dir='ltr'>et</span> <span class='ocrx_word' id='word_1_151' title='bbox 751 2286 1066 2350; x_wconf 85' lang='lat' dir='ltr'>Varchuni</span> <span class='ocrx_word' id='word_1_152' title='bbox 1104 2299 1236 2350; x_wconf 88' lang='lat' dir='ltr'>arte</span> <span class='ocrx_word' id='word_1_153' title='bbox 1272 2309 1345 2349; x_wconf 89' lang='lat' dir='ltr'>ea</span> <span class='ocrx_word' id='word_1_154' title='bbox 1380 2308 1525 2372; x_wconf 90' lang='lat' dir='ltr'>prae</span> <span class='ocrx_word' id='word_1_155' title='bbox 1566 2286 1786 2349; x_wconf 90' lang='lat' dir='ltr'>ceteris</span> <span class='ocrx_word' id='word_1_156' title='bbox 1821 2286 2058 2372; x_wconf 90' lang='lat' dir='ltr'>populis</span> 
     </span>
     <span class='ocr_line' id='line_1_25' title="bbox 120 2370 2059 2456; baseline 0 -24"><span class='ocrx_word' id='word_1_157' title='bbox 120 2371 432 2437; x_wconf 82' lang='lat' dir='ltr'>valuerunt</span> <span class='ocrx_word' id='word_1_158' title='bbox 473 2371 757 2447; x_wconf 82' lang='lat' dir='ltr'>maxime,</span> <span class='ocrx_word' id='word_1_159' title='bbox 818 2383 884 2433; x_wconf 89' lang='lat' dir='ltr'>ut</span> <span class='ocrx_word' id='word_1_160' title='bbox 923 2370 1243 2456; x_wconf 84' lang='lat' dir='ltr'>fugiendo,</span> <span class='ocrx_word' id='word_1_161' title='bbox 1307 2371 1508 2433; x_wconf 88' lang='lat' dir='ltr'>acrius</span> <span class='ocrx_word' id='word_1_162' title='bbox 1541 2371 1725 2456; x_wconf 89' lang='lat' dir='ltr'>longe</span> <span class='ocrx_word' id='word_1_163' title='bbox 1765 2393 1832 2434; x_wconf 89' lang='lat' dir='ltr'>se</span> <span class='ocrx_word' id='word_1_164' title='bbox 1866 2370 2059 2434; x_wconf 89' lang='lat' dir='ltr'>insec-</span> 
     </span>
     <span class='ocr_line' id='line_1_26' title="bbox 118 2454 2057 2542; baseline 0 -26"><span class='ocrx_word' id='word_1_165' title='bbox 118 2465 319 2518; x_wconf 88' lang='lat' dir='ltr'>tantes</span> <span class='ocrx_word' id='word_1_166' title='bbox 361 2467 813 2541; x_wconf 80' lang='lat' dir='ltr'>oppugnarent,</span> <span class='ocrx_word' id='word_1_167' title='bbox 861 2454 998 2518; x_wconf 90' lang='lat' dir='ltr'>dum</span> <span class='ocrx_word' id='word_1_168' title='bbox 1035 2479 1111 2518; x_wconf 83' lang='lat' dir='ltr'>ex</span> <span class='ocrx_word' id='word_1_169' title='bbox 1145 2456 1314 2542; x_wconf 89' lang='lat' dir='ltr'>equis</span> <span class='ocrx_word' id='word_1_170' title='bbox 1352 2455 1415 2520; x_wconf 86' lang='lat' dir='ltr'>in</span> <span class='ocrx_word' id='word_1_171' title='bbox 1450 2455 1688 2519; x_wconf 87' lang='lat' dir='ltr'>hostem</span> <span class='ocrx_word' id='word_1_172' title='bbox 1725 2478 1865 2518; x_wconf 82' lang='lat' dir='ltr'>mox</span> <span class='ocrx_word' id='word_1_173' title='bbox 1894 2454 2057 2519; x_wconf 87' lang='lat' dir='ltr'>versi</span> 
     </span>
     <span class='ocr_line' id='line_1_27' title="bbox 118 2538 2060 2627; baseline 0 -26"><span class='ocrx_word' id='word_1_174' title='bbox 118 2538 380 2623; x_wconf 79' lang='lat' dir='ltr'>sagittas</span> <span class='ocrx_word' id='word_1_175' title='bbox 414 2539 830 2613; x_wconf 83' lang='lat' dir='ltr'>immitterent3</span> <span class='ocrx_word' id='word_1_176' title='bbox 876 2546 922 2618; x_wconf 84' lang='lat'>1)</span> <span class='ocrx_word' id='word_1_177' title='bbox 957 2539 1047 2601; x_wconf 90' lang='lat' dir='ltr'>sic</span> <span class='ocrx_word' id='word_1_178' title='bbox 1073 2564 1285 2627; x_wconf 89' lang='lat' dir='ltr'>nempe</span> <span class='ocrx_word' id='word_1_179' title='bbox 1312 2540 1527 2621; x_wconf 84' lang='lat' dir='ltr'>(verba</span> <span class='ocrx_word' id='word_1_180' title='bbox 1557 2553 1700 2603; x_wconf 90' lang='lat' dir='ltr'>sunt</span> <span class='ocrx_word' id='word_1_181' title='bbox 1724 2539 2060 2624; x_wconf 85' lang='lat' dir='ltr'>Agathiae)</span> 
     </span>
     <span class='ocr_line' id='line_1_28' title="bbox 122 2622 2060 2709; baseline 0.001 -26"><span class='ocrx_word' id='word_1_182' title='bbox 122 2622 522 2685; x_wconf 83' lang='lat' dir='ltr'>insectatores</span> <span class='ocrx_word' id='word_1_183' title='bbox 571 2623 688 2709; x_wconf 91' lang='lat' dir='ltr'>ipsi</span> <span class='ocrx_word' id='word_1_184' title='bbox 713 2624 904 2686; x_wconf 85' lang='lat' dir='ltr'>effuso</span> <span class='ocrx_word' id='word_1_185' title='bbox 937 2647 1120 2686; x_wconf 88' lang='lat' dir='ltr'>cursu</span> <span class='ocrx_word' id='word_1_186' title='bbox 1153 2625 1215 2686; x_wconf 91' lang='lat' dir='ltr'>in</span> <span class='ocrx_word' id='word_1_187' title='bbox 1246 2648 1424 2687; x_wconf 87' lang='lat' dir='ltr'>arcus</span> <span class='ocrx_word' id='word_1_188' title='bbox 1460 2647 1666 2686; x_wconf 88' lang='lat' dir='ltr'>eorum</span> <span class='ocrx_word' id='word_1_189' title='bbox 1698 2624 2060 2709; x_wconf 86' lang='lat' dir='ltr'>proruendo,</span> 
     </span>
     <span class='ocr_line' id='line_1_29' title="bbox 119 2706 2064 2794; baseline 0.002 -27"><span class='ocrx_word' id='word_1_190' title='bbox 119 2707 366 2792; x_wconf 84' lang='lat' dir='ltr'>sagittis</span> <span class='ocrx_word' id='word_1_191' title='bbox 392 2731 459 2769; x_wconf 91' lang='lat' dir='ltr'>se</span> <span class='ocrx_word' id='word_1_192' title='bbox 478 2706 820 2784; x_wconf 85' lang='lat' dir='ltr'>induebant,</span> <span class='ocrx_word' id='word_1_193' title='bbox 855 2719 916 2770; x_wconf 87' lang='lat' dir='ltr'>et</span> <span class='ocrx_word' id='word_1_194' title='bbox 947 2708 1182 2770; x_wconf 87' lang='lat' dir='ltr'>acriora</span> <span class='ocrx_word' id='word_1_195' title='bbox 1208 2721 1566 2794; x_wconf 86' lang='lat' dir='ltr'>acceperant</span> <span class='ocrx_word' id='word_1_196' title='bbox 1601 2709 1872 2785; x_wconf 87' lang='lat' dir='ltr'>vulnera,</span> <span class='ocrx_word' id='word_1_197' title='bbox 1906 2708 2064 2794; x_wconf 92' lang='lat' dir='ltr'>quod</span> 
     </span>
     <span class='ocr_line' id='line_1_30' title="bbox 120 2788 2061 2877; baseline 0.001 -25"><span class='ocrx_word' id='word_1_198' title='bbox 120 2788 216 2853; x_wconf 90' lang='lat' dir='ltr'>his</span> <span class='ocrx_word' id='word_1_199' title='bbox 250 2790 367 2876; x_wconf 89' lang='lat' dir='ltr'>ipsi</span> <span class='ocrx_word' id='word_1_200' title='bbox 398 2791 565 2854; x_wconf 88' lang='lat' dir='ltr'>ibant</span> <span class='ocrx_word' id='word_1_201' title='bbox 592 2791 842 2855; x_wconf 88' lang='lat' dir='ltr'>obviam.</span> <span class='ocrx_word' id='word_1_202' title='bbox 887 2794 1096 2877; x_wconf 90' lang='lat' dir='ltr'>Atque</span> <span class='ocrx_word' id='word_1_203' title='bbox 1114 2792 1230 2857; x_wconf 90' lang='lat' dir='ltr'>hoc</span> <span class='ocrx_word' id='word_1_204' title='bbox 1265 2793 1365 2855; x_wconf 92' lang='lat' dir='ltr'>ille</span> <span class='ocrx_word' id='word_1_205' title='bbox 1411 2792 1617 2856; x_wconf 88' lang='lat' dir='ltr'>itidem</span> <span class='ocrx_word' id='word_1_206' title='bbox 1652 2792 2061 2869; x_wconf 86' lang='lat' dir='ltr'>hunnicum,</span> 
     </span>
     <span class='ocr_line' id='line_1_31' title="bbox 121 2875 2065 2964; baseline 0.001 -28"><span class='ocrx_word' id='word_1_207' title='bbox 121 2897 292 2939; x_wconf 88' lang='lat' dir='ltr'>vere:</span> <span class='ocrx_word' id='word_1_208' title='bbox 343 2876 484 2960; x_wconf 89' lang='lat' dir='ltr'>quia</span> <span class='ocrx_word' id='word_1_209' title='bbox 516 2876 692 2938; x_wconf 83' lang='lat' dir='ltr'>unius</span> <span class='ocrx_word' id='word_1_210' title='bbox 726 2875 1034 2964; x_wconf 88' lang='lat' dir='ltr'>proprium</span> <span class='ocrx_word' id='word_1_211' title='bbox 1066 2877 1311 2963; x_wconf 88' lang='lat' dir='ltr'>generis</span> <span class='ocrx_word' id='word_1_212' title='bbox 1339 2876 1561 2954; x_wconf 88' lang='lat' dir='ltr'>nostri,</span> <span class='ocrx_word' id='word_1_213' title='bbox 1609 2889 2065 2964; x_wconf 85' lang='lat' dir='ltr'>stratagema</span> 
     </span>
    </p>
   </div>
   <div class='ocr_carea' id='block_1_16' title="bbox 71 2966 422 3039">
    <p class='ocr_par' dir='ltr' id='par_1_16' title="bbox 0 2966 422 3049">
     <span class='ocr_line' id='line_1_32' title="bbox 71 2966 422 3039; baseline 0.002 -19.832"><span class='ocrx_word' id='word_1_214' title='bbox 71 3027 73 3029; x_wconf 40' lang='grc'>,</span> <span class='ocrx_word' id='word_1_215' title='bbox 128 2971 319 3022; x_wconf 85' lang='lat' dir='ltr'>vocat.</span> <span class='ocrx_word' id='word_1_216' title='bbox 371 2966 422 3039; x_wconf 85' lang='lat'>2)</span> 
     </span>
    </p>
   </div>
   <div class='ocr_carea' id='block_1_17' title="bbox 11 3314 19 3364">
    <p class='ocr_par' dir='ltr' id='par_1_17' title="bbox 11 3314 19 3364">
     <span class='ocr_line' id='line_1_33' title="bbox 11 3314 19 3364; baseline 0 0"><span class='ocrx_word' id='word_1_217' title='bbox 11 3314 19 3364; x_wconf 69' lang='grc' dir='ltr'>ἓ</span> 
     </span>
    </p>
   </div>
   <div class='ocr_carea' id='block_1_18' title="bbox 2 3387 19 3451">
    <p class='ocr_par' dir='ltr' id='par_1_18' title="bbox 2 3387 19 3451">
     <span class='ocr_line' id='line_1_34' title="bbox 2 3387 17 3398; baseline -0.067 0"><span class='ocrx_word' id='word_1_218' title='bbox 2 3395 5 3398; x_wconf 33' lang='grc'><em>4</em></span> <span class='ocrx_word' id='word_1_219' title='bbox 14 3387 17 3397; x_wconf 77' lang='lat' dir='ltr'>v</span> 
     </span>
     <span class='ocr_line' id='line_1_35' title="bbox 14 3439 19 3451; baseline 0 0"><span class='ocrx_word' id='word_1_220' title='bbox 14 3439 19 3451; x_wconf 74' lang='grc' dir='ltr'>ζ)</span> 
     </span>
    </p>
   </div>
   <div class='ocr_carea' id='block_1_19' title="bbox 0 3588 25 3849">
    <p class='ocr_par' dir='ltr' id='par_1_19' title="bbox 4 3588 23 3622">
     <span class='ocr_line' id='line_1_36' title="bbox 4 3588 23 3622; baseline 0 0"><span class='ocrx_word' id='word_1_221' title='bbox 4 3588 23 3622; x_wconf 49' lang='grc' dir='ltr'><em>ὶὲ</em></span> 
     </span>
    </p>

    <p class='ocr_par' dir='ltr' id='par_1_20' title="bbox 0 3626 25 3849">
     <span class='ocr_line' id='line_1_37' title="bbox 16 3626 25 3663; baseline 0 0"><span class='ocrx_word' id='word_1_222' title='bbox 16 3626 25 3663; x_wconf 67' lang='lat'>⁸</span> 
     </span>
     <span class='ocr_line' id='line_1_38' title="bbox 0 3733 25 3808; baseline 0.2 -4"><span class='ocrx_word' id='word_1_223' title='bbox 0 3733 25 3808; x_wconf 47' lang='grc' dir='ltr'>ᾖ</span> 
     </span>
     <span class='ocr_line' id='line_1_39' title="bbox 0 3822 8 3849; baseline 0 -4"><span class='ocrx_word' id='word_1_224' title='bbox 0 3822 8 3849; x_wconf 68' lang='lat'>3</span> 
     </span>
    </p>
   </div>
   <div class='ocr_carea' id='block_1_20' title="bbox 123 3141 2063 3545">
    <p class='ocr_par' dir='ltr' id='par_1_21' title="bbox 123 3141 2063 3545">
     <span class='ocr_line' id='line_1_40' title="bbox 258 3141 2050 3210; baseline 0.001 -20"><span class='ocrx_word' id='word_1_225' title='bbox 258 3143 303 3202; x_wconf 86' lang='lat'>1)</span> <span class='ocrx_word' id='word_1_226' title='bbox 347 3141 464 3194; x_wconf 87' lang='lat' dir='ltr'>Vide</span> <span class='ocrx_word' id='word_1_227' title='bbox 494 3142 645 3207; x_wconf 82' lang='lat' dir='ltr'>Sigon</span> <span class='ocrx_word' id='word_1_228' title='bbox 676 3144 738 3194; x_wconf 84' lang='lat' dir='ltr'>dc</span> <span class='ocrx_word' id='word_1_229' title='bbox 769 3144 928 3197; x_wconf 85' lang='lat' dir='ltr'>occid.</span> <span class='ocrx_word' id='word_1_230' title='bbox 961 3144 1082 3210; x_wconf 88' lang='lat' dir='ltr'>imp.</span> <span class='ocrx_word' id='word_1_231' title='bbox 1117 3145 1174 3196; x_wconf 90' lang='lat' dir='ltr'>L.</span> <span class='ocrx_word' id='word_1_232' title='bbox 1208 3144 1311 3197; x_wconf 88' lang='lat' dir='ltr'>XX.</span> <span class='ocrx_word' id='word_1_233' title='bbox 1345 3145 1406 3197; x_wconf 83' lang='lat' dir='ltr'>ad</span> <span class='ocrx_word' id='word_1_234' title='bbox 1441 3161 1486 3195; x_wconf 86' lang='lat' dir='ltr'>a.</span> <span class='ocrx_word' id='word_1_235' title='bbox 1517 3142 1656 3195; x_wconf 79' lang='lat'><strong>559.</strong></span> <span class='ocrx_word' id='word_1_236' title='bbox 1690 3144 1821 3194; x_wconf 85' lang='lat' dir='ltr'>Edit.</span> <span class='ocrx_word' id='word_1_237' title='bbox 1854 3144 2050 3193; x_wconf 87' lang='lat' dir='ltr'>Mediol.</span> 
     </span>
     <span class='ocr_line' id='line_1_41' title="bbox 123 3222 413 3290; baseline -0.003 -15"><span class='ocrx_word' id='word_1_238' title='bbox 123 3240 234 3290; x_wconf 87' lang='lat' dir='ltr'>pag.</span> <span class='ocrx_word' id='word_1_239' title='bbox 271 3222 413 3278; x_wconf 80' lang='lat'><strong>752.</strong></span> 
     </span>
     <span class='ocr_line' id='line_1_42' title="bbox 303 3310 2063 3375; baseline 0 -16"><span class='ocrx_word' id='word_1_240' title='bbox 303 3312 350 3371; x_wconf 86' lang='lat'>2)</span> <span class='ocrx_word' id='word_1_241' title='bbox 396 3310 623 3375; x_wconf 85' lang='lat' dir='ltr'>Agathias</span> <span class='ocrx_word' id='word_1_242' title='bbox 671 3311 703 3360; x_wconf 93' lang='lat' dir='ltr'>l.</span> <span class='ocrx_word' id='word_1_243' title='bbox 746 3312 785 3362; x_wconf 87' lang='lat'>1.</span> <span class='ocrx_word' id='word_1_244' title='bbox 827 3320 877 3362; x_wconf 86' lang='lat' dir='ltr'>et</span> <span class='ocrx_word' id='word_1_245' title='bbox 915 3315 966 3364; x_wconf 91' lang='lat' dir='ltr'>V.</span> <span class='ocrx_word' id='word_1_246' title='bbox 1026 3315 1161 3364; x_wconf 86' lang='lat' dir='ltr'>Idem</span> <span class='ocrx_word' id='word_1_247' title='bbox 1205 3315 1265 3365; x_wconf 85' lang='lat' dir='ltr'>de</span> <span class='ocrx_word' id='word_1_248' title='bbox 1302 3314 1510 3367; x_wconf 85' lang='lat' dir='ltr'>Narsete</span> <span class='ocrx_word' id='word_1_249' title='bbox 1544 3313 1764 3374; x_wconf 85' lang='lat' dir='ltr'>„Narses</span> <span class='ocrx_word' id='word_1_250' title='bbox 1801 3311 2063 3361; x_wconf 80' lang='lat' dir='ltr'>barbarum</span> 
     </span>
     <span class='ocr_line' id='line_1_43' title="bbox 129 3394 2063 3464; baseline 0.001 -20"><span class='ocrx_word' id='word_1_251' title='bbox 129 3395 372 3458; x_wconf 83' lang='lat' dir='ltr'>quoddam</span> <span class='ocrx_word' id='word_1_252' title='bbox 411 3402 462 3447; x_wconf 84' lang='lat' dir='ltr'>et</span> <span class='ocrx_word' id='word_1_253' title='bbox 500 3394 744 3445; x_wconf 88' lang='lat' dir='ltr'>Hunnis</span> <span class='ocrx_word' id='word_1_254' title='bbox 785 3397 939 3461; x_wconf 84' lang='lat' dir='ltr'>magis</span> <span class='ocrx_word' id='word_1_255' title='bbox 982 3398 1218 3451; x_wconf 87' lang='lat' dir='ltr'>usitatum</span> <span class='ocrx_word' id='word_1_256' title='bbox 1251 3406 1547 3464; x_wconf 81' lang='lat' dir='ltr'>stratagema</span> <span class='ocrx_word' id='word_1_257' title='bbox 1587 3396 1904 3461; x_wconf 79' lang='lat' dir='ltr'>excogitavit3</span> <span class='ocrx_word' id='word_1_258' title='bbox 1946 3412 2063 3446; x_wconf 84' lang='lat' dir='ltr'>suos</span> 
     </span>
     <span class='ocr_line' id='line_1_44' title="bbox 130 3477 886 3545; baseline 0.007 -20"><span class='ocrx_word' id='word_1_259' title='bbox 130 3477 257 3528; x_wconf 89' lang='lat' dir='ltr'>enim</span> <span class='ocrx_word' id='word_1_260' title='bbox 288 3486 427 3545; x_wconf 81' lang='lat' dir='ltr'>terga</span> <span class='ocrx_word' id='word_1_261' title='bbox 458 3485 648 3530; x_wconf 83' lang='lat' dir='ltr'>vertere</span> <span class='ocrx_word' id='word_1_262' title='bbox 678 3478 886 3544; x_wconf 82' lang='lat' dir='ltr'>jussit.“</span> 
     </span>
    </p>
   </div>
  </div>
 </body>
</html>
