2384 3886
1956 187 2036 242 23

116 349 234 391 non
295 347 498 413 parem
532 323 725 400 modo,
770 322 877 385 sed
914 321 1281 407 superiorem
1324 345 1616 386 censeam.
1663 327 1836 387 Unus
1874 323 1928 384 is
1965 345 2040 384 ex

113 410 321 498 paucis
367 410 498 473 aevi
547 407 721 472 medii
761 405 1159 492 scriptoribus
1210 420 1304 470 est
1333 455 1348 483 ,
1404 411 1576 493 cujus
1613 407 1750 470 fidei
1790 407 2038 493 integri-

111 508 240 572 tas,
296 494 534 558 admota
589 492 996 577 Diplomatum
1046 490 1205 567 face,
1265 491 1412 554 adeo
1456 491 1602 554 nihil
1653 491 2039 568 imminuitur,

114 592 179 642 ut
207 579 408 666 potius
445 588 677 640 crescat
713 574 888 637 laude
923 596 1166 650 recenS,
1213 574 1510 661 hujusque
1543 577 1603 637 in
1639 576 1767 640 dies
1799 577 2039 662 opulen-

111 663 230 726 tior
284 674 538 748 quaestu
585 672 645 722 et
699 657 1108 744 arrogentiam
1155 659 1645 722 calumniatorum
1697 660 1929 748 spernit
1981 673 2042 723 et

110 746 404 810 invidiam.
476 743 650 820 Quod
690 742 927 829 quidem
961 766 1077 828 ego
1103 766 1235 804 cum
1258 742 1330 805 de
1364 742 1612 828 reliqua,
1643 758 1770 807 tum
1791 767 1936 807 vero
1971 768 2043 807 ea

111 829 465 918 praesertim
501 828 720 914 Operis
753 832 884 915 ejus
955 840 1084 889 arte
1113 827 1420 912 intelligo,
1458 851 1609 912 quae
1649 851 1714 890 se
1745 829 1819 891 ad
1850 829 2042 892 histo-

108 914 256 977 riam
289 925 486 977 status
513 913 792 998 jurisque
842 936 921 998 pu
965 911 1064 974 lici
1086 913 1441 997 Hungariae
1475 912 1678 976 refert.
1723 916 1857 975 Hac
1889 913 2043 975 enim

109 1019 260 1084 quae
299 996 511 1074 tradit,
559 1010 619 1059 et
660 997 923 1085 apprime
989 1019 1174 1059 nosse
1220 997 1441 1083 potuit,
1507 1009 1567 1059 et
1613 1021 1789 1074 vero,
1834 1009 1900 1059 ut
1943 997 2042 1059 diu

106 1083 353 1145 multum
398 1082 811 1144 Cancellarius
853 1081 1036 1143 Belae
1071 1084 1205 1157 IV„
1241 1081 1416 1143 etiam
1453 1081 1783 1167 percalluit.
1829 1085 2041 1166 Itaque

106 1180 347 1254 praeter
379 1166 749 1251 praeclaram
778 1164 1048 1228 historici
1072 1164 1591 1242 existimationem,
1632 1166 1872 1228 classici
1896 1190 2038 1251 quo-

108 1275 223 1338 que
300 1250 479 1315 testis
546 1273 865 1336 personam
928 1248 1105 1334 gerit.
1177 1251 1366 1334 Cujus
1427 1250 1614 1347 Operi
1647 1251 1817 1328 huic,
1877 1251 2043 1313 velut

109 1335 266 1421 quod
299 1336 388 1398 sic
421 1357 457 1396 a
495 1334 623 1398 viro
654 1334 983 1421 profectum
1021 1344 1148 1409 est,
1187 1332 1248 1393 in
1280 1333 1594 1419 disciphna
1606 1334 1766 1418 juris
1814 1334 2043 1420 antiqui

111 1420 469 1505 Hungariae
513 1418 795 1495 scientia,
854 1441 999 1494 usu,
1058 1416 1417 1480 auctoritate
1499 1418 1788 1495 omnium,
1839 1418 2043 1504 quiqui

108 1517 275 1582 sunt,
333 1504 434 1590 qui
477 1504 550 1566 de
595 1503 892 1580 moribus,
948 1500 1308 1587 legibusque
1344 1505 1645 1587 Majorum
1698 1515 2043 1566 nostrorum

105 1590 421 1652 memorias
493 1588 884 1651 condiderunt
910 1635 925 1663 ,
992 1586 1246 1647 maxime·
1300 1586 1523 1649 illustri
1589 1587 1747 1649 inter
1805 1600 2042 1650 ceteros

104 1674 302 1737 fontes
347 1672 687 1760 praesentis
724 1671 1016 1747 instituti,
1053 1674 1192 1756 jure
1233 1671 1514 1758 princeps
1553 1671 1806 1735 debetur
1848 1673 2038 1735 locus.

105 1758 258 1821 Mihi
298 1757 561 1843 quidem,
609 1757 662 1819 si
698 1755 855 1841 quod
896 1754 1124 1832 senti0,
1170 1768 1441 1818 veterum
1486 1755 1685 1820 dicere
1724 1755 1928 1820 verbis
1974 1757 2040 1818 li-

109 1855 231 1920 cet,
280 1865 437 1906 unus
470 1841 570 1903 ille
605 1853 700 1905 est
735 1864 844 1927 pro
887 1852 1126 1902 centum
1161 1839 1442 1903 millibus.

108 2057 174 2120 2.
226 2057 329 2120 De
373 2057 684 2139 Mayistri
725 2058 1001 2138 Royerii
1036 2057 1279 2134 libello,
1327 2077 1508 2139 quem
1547 2078 1805 2120 carmen
1853 2060 2039 2120 mise-

776 2143 978 2204 rabile
1021 2144 1364 2223 inscripsit.

984 2315 1025 2390 §
1071 2317 1169 2374 20.

752 2466 1061 2532 hujusque
1091 2465 1394 2516 laudibus.

281 2609 452 2673 Cladi
482 2633 516 2672 a
562 2611 810 2673 'Pataris
853 2635 904 2674 a.
946 2620 1109 2674 1241
1149 2625 1432 2698 acceptae
1476 2633 1736 2674 coaevus
1769 2611 1867 2673 hic
1907 2614 2042 2675 Col-

111 2694 256 2780 legii
288 2694 668 2757 sacerdotum
700 2695 773 2756 ad
791 2695 1092 2758 Eclesiam
1123 2696 1566 2758 Varadiensem
1608 2696 1812 2758 socius
1850 2719 2042 2759 moes—

108 2779 403 2842 tissimam
455 2778 611 2841 hanc
664 2779 962 2842 annalium
1007 2780 1362 2864 Hungariae
1407 2793 1639 2865 partem
1674 2780 2044 2866 pragmatice

107 2863 493 2950 perscripsit3
545 2886 805 2940 morum,
846 2864 1061 2949 quibus
1098 2887 1355 2949 regnum
1377 2863 1494 2927 hoc
1535 2865 1803 2942 efloruit,
1865 2865 2044 2928 detri-

110 2960 327 3024 menta,
373 2949 537 3011 velut
570 2949 926 3035 praecipuas
956 2948 1135 3034 hujus
1171 2948 1336 3011 exitii
1371 2972 1586 3011 causas
1620 2949 2042 3012 adumbrando.

111 3030 286 3107 Quod
342 3032 575 3115 quidem
626 3036 758 3117 ejus
805 3032 1094 3118 judicium
1127 3036 1396 3119 Majores
1444 3034 1639 3097 nostri
1682 3035 1883 3119 legum
1928 3037 2041 3096 Co-

110 3115 295 3177 mitiis
331 3115 469 3176 anni
499 3124 666 3179 1267
695 3117 951 3179 latarum
983 3116 1363 3180 monimentis
1402 3124 1450 3197 1)
1492 3132 1718 3194 ratum,
1764 3141 2040 3203 pensum—

113 3222 228 3285 que
272 3197 556 3261 habuere.
624 3203 721 3264 De
761 3201 1137 3288 splendido
1186 3202 1238 3264 d.
1279 3203 1640 3288 Protoregis
1685 3202 2041 3264 Comitatu

250 3385 294 3444 1)
341 3383 523 3433 Confer
579 3398 778 3433 carmen
826 3385 933 3450 ejus
981 3387 1149 3437 miser.
1205 3402 1317 3437 cum
1368 3393 1458 3436 art.
1513 3382 1567 3433 6.
1622 3381 1677 3434 9.
1735 3380 1830 3433 10.
1893 3384 2037 3434 Decr.

112 3484 155 3517 a.
208 3465 368 3518 1267
412 3469 461 3518 in
506 3467 622 3533 Syll.
669 3468 815 3518 Decr.
858 3484 988 3519 com.
