2384 3886
407 193 487 249 78

1281 377 1322 451 δ
1369 381 1466 434 12.

869 526 1211 590 castrisque
1243 527 1624 576 instruendis
1656 527 1868 576 tenuit.

573 672 840 735 Indidem
874 685 932 735 et
969 696 1043 735 ex
1076 673 1342 758 Vegetio
1386 674 1449 753 (l.
1481 677 1559 735 ΙΙ.
1595 696 1641 734 c.
1675 682 1801 753 10.)
1837 671 2173 756 intelligas:
2220 694 2340 734 mo-

403 780 528 819 rem
563 758 718 843 apud
746 761 1004 820 Hunnos
1040 757 1374 820 obtinuisse
1394 806 1409 834 ‚
1455 770 1522 820 ut
1549 759 1767 821 castris
1800 779 2014 819 currus
2043 756 2340 841 plaustra-

403 864 516 928 que
575 842 637 903 in
692 842 1120 904 munimentum
1177 842 1706 927 circumponerent.
1771 842 1887 918 Qui
1935 841 2209 903 omnibus
2269 841 2341 904 de

402 926 606 991 eadem
650 927 885 1013 populis
924 927 1109 1012 stirpe
1159 926 1457 1002 comunis,
1529 927 1684 1012 apud
1727 931 2059 1011 Hungaros
2107 925 2342 1010 quidem

402 1012 579 1074 etiam
623 1013 826 1074 seculo
850 1012 1029 1074 tertio
1067 1010 1324 1085 decimo,
1360 1010 1598 1072 Thoma
1630 1010 2067 1074 Archidiacono
2130 1010 2340 1094 Spala-
2380 1051 2383 1053 -

401 1098 558 1160 tensi
598 1096 940 1180 synchrono
977 1094 1565 1179 locupletissimoque
1598 1107 1783 1172 teste,
1829 1094 2110 1182 perstitit.
2156 1101 2204 1173 1)

541 1281 582 1338 1)
626 1278 752 1326 Hist.
785 1278 990 1327 Salonit.
1022 1293 1130 1342 cap.
1160 1277 1392 1326 XXXVII.
1431 1278 1918 1343 „Circumponentes
1953 1294 2129 1328 currus
2157 1284 2206 1328 et
2237 1279 2342 1343 cly-

399 1377 521 1425 peos
552 1362 797 1426 undique,
833 1362 973 1427 quasi
1002 1378 1093 1426 pro
1127 1362 1435 1411 munimento
1470 1362 1818 1412 Castrorum.“

1276 1540 1318 1615 g
1367 1544 1462 1598 13.

400 1690 704 1739 Primores
750 1691 1104 1739 Hunnorum
1157 1690 1317 1739 bello
1356 1697 1591 1756 captos,
1650 1692 1910 1741 ditiores
1964 1691 2064 1757 qui
2121 1699 2335 1753 erant,

593 1789 1014 1850 retinuerunt,
1064 1790 1226 1838 inter
1261 1790 1469 1853 plures
1507 1790 1733 1839 deinde
1770 1792 2144 1855 partiendos

557 1935 925 1998 Inveteravit
941 1935 1096 2021 apud
1109 1939 1386 2013 HunnOS‚
1410 1949 1477 1999 ut
1499 1936 1804 2023 praecipui
1826 1936 1899 1998 ab
1919 1941 2090 2022 Rege
2111 1940 2339 2018 (Duce)

399 2020 748 2105 PrincipeS‚
787 2019 1056 2106 captivos
1094 2019 1343 2083 ditiores
1373 2020 1489 2083 sibi
1517 2033 1906 2106 seponerent,
1953 2045 2100 2106 quos
2131 2022 2341 2087 deinde

399 2103 557 2168 inter
605 2105 809 2190 plures
852 2104 1239 2190 partirentur.
1285 2109 1381 2167 lta
1405 2104 1661 2167 Priscus
1682 2129 1728 2167 c.
1772 2130 1822 2169 o.
1862 2129 1985 2192 cap.
2027 2110 2105 2168 Π.
2160 2112 2201 2187 §
2239 2115 2338 2184 14,

400 2192 571 2274 cujus
605 2189 791 2251 verba
821 2188 969 2251 haec
1012 2195 1059 2268 1)
1090 2189 1296 2274 quanti
1327 2189 1476 2266 sint,
1514 2189 1651 2253 inde
1682 2192 1934 2253 maxime
1961 2190 2338 2276 intelligitur,

400 2273 555 2358 quod
576 2273 706 2337 sine
729 2274 824 2336 his
844 2274 1018 2350 ratic,
1054 2296 1159 2335 cur
1183 2273 1470 2338 articulus
1494 2283 1590 2336 13.
1617 2275 2065 2349 accuratissime
2089 2276 2341 2338 confecti

399 2358 759 2444 Diplomatis
804 2358 1109 2422 Alhertini
1151 2365 1202 2439 2)
1239 2372 1300 2422 et
1337 2367 1434 2422 15.
1482 2365 1654 2422 1458,
1692 2367 1772 2440 3),
1821 2361 2116 2446 singulari
2165 2361 2365 2447 plane.

540 2545 582 2603 1)
628 2542 691 2591 Et
729 2543 841 2593 alibi
888 2545 1090 2610 „itaque
1133 2546 1342 2609 placuit,
1385 2563 1476 2611 pro
1508 2562 1607 2596 uno
1641 2562 1838 2611 quoque
1871 2545 2062 2609 captivo
2094 2544 2336 2604 Romarm,

399 2628 501 2687 his,
544 2628 625 2692 qui
658 2643 769 2677 eum
800 2628 928 2680 bello
963 2637 1221 2695 ceperant,
1265 2637 1377 2680 octo
1410 2646 1587 2680 aureos
1620 2631 1784 2680 dari.“
1820 2631 1975 2679 Idem.

537 2715 583 2772 2)
632 2712 800 2773 „Dum
838 2714 889 2762 in
922 2715 1218 2764 exercitibus
1251 2723 1299 2764 et
1329 2716 1511 2779 pugnis
1542 2715 1767 2779 Ungaros
1799 2715 1989 2779 aliquos
2021 2714 2081 2762 de
2112 2712 2339 2774 hostibus
2375 2763 2384 2774 ,Α

401 2796 672 2859 captivare,
715 2798 790 2845 vel
829 2792 1012 2862 aliquid
1052 2799 1181 2848 aliud
1220 2800 1401 2849 lucrari
1441 2801 1727 2864 contigerit:
1781 2806 1918 2848 tunc
1957 2797 2077 2862 ipsi
2118 2797 2339 2862 Ungari

401 2879 747 2944 hujusmodi
787 2882 1005 2946 captivos
1049 2890 1097 2932 et
1138 2885 1333 2932 lucrum
1381 2884 1624 2947 (exceptis
1664 2882 1962 2931 notabilibus
2005 2881 2235 2946 personis
2266 2882 2340 2931 vel

402 2964 667 3028 capitaneis
711 2965 934 3029 ipsorum
972 2968 1276 3016 exercituum
1313 2968 1626 3016 inimicorum
1664 2967 1844 3031 Regiae
1879 2966 2121 3032 Majestati
2161 2966 2211 3015 in
2253 2982 2340 3015 ca-

400 3048 558 3112 ptivos
607 3050 938 3112 pertinenteS‚
993 3067 1118 3115 quos
1162 3067 1255 3100 nos
1314 3052 1373 3100 ab
1427 3052 1563 3116 ipsis⁴
1604 3051 1988 3115 captivantibUS‚
2045 3067 2135 3115 pro
2195 3051 2338 3100 donis
2374 3075 2384 3100 .-

400 3134 658 3198 condignis
716 3135 937 3198 recipere
982 3136 1252 3196 valeamus)
1300 3153 1391 3201 pro
1438 3152 1490 3185 se
1540 3136 1784 3185 retinendi
1837 3137 1910 3185 vel
1966 3135 2206 3185 vendendi
2257 3142 2339 3185 aut

400 3218 664 3278 EcclesiiS‚
711 3226 952 3283 perpetuo
1000 3221 1246 3269 servitutis
1284 3220 1436 3285 jugO,
1498 3221 1722 3270 tradendi
1774 3227 1822 3270 et
1866 3220 2077 3270 donandi
2126 3219 2338 3268 habeant

399 3303 738 3352 facultatem.“

534 3388 580 3448 3)
627 3389 681 3436 In
728 3389 842 3453 Syll.
889 3389 1034 3440 Decr.
1084 3391 1225 3440 Com.
1278 3398 1457 3450 „tunc
1501 3391 1619 3456 ipsi
1674 3389 1942 3454 Hungari
1993 3386 2338 3453 hujusmodi
2381 3413 2384 3414 ν

401 3471 616 3533 captivos
644 3479 692 3521 et
720 3473 874 3535 lucra,
915 3476 1133 3540 exceptis
1165 3476 1464 3525 notabilibus
1503 3476 1733 3540 personis
1770 3475 1857 3537 vel,
1877 3473 2144 3537 capitaneis
2171 3471 2338 3521 inimi·
2382 3502 2384 3505 ⁴
