2384 3886
1964 238 2046 293 69

113 398 466 461 graecorum
506 376 760 460 legitur,
812 378 863 449 ³)
916 370 976 431 in
1017 372 1361 433 Annalibus
1415 372 1556 435 item
1610 372 1935 457 majoribus
1993 382 2044 451 4)

113 459 560 545 minoribusque
594 454 1017 520 monachorum
1052 458 1115 516 S.
1158 456 1336 531 Galli,
1384 470 1443 519 et
1482 455 1636 543 apud
1686 456 1835 519 alios
1874 470 2046 520 vetu-

113 544 415 607 stissimos
473 542 757 629 quosdam
809 538 1154 624 Scriptores
1207 547 1256 618 5)
1303 541 1597 624 Agareni.
1665 546 1897 605 Vocem
1939 566 2046 627 per

113 627 224 692 hos
259 629 605 715 productam
649 624 977 709 corripiunt
1022 624 1207 700 Slavi,
1263 648 1371 710 pro
1410 626 1736 710 asperitate
1781 626 2043 711 linguae,

14 729 18 739 ³
113 727 173 776 et
206 714 304 799 qui
340 711 557 797 Ogori,
604 708 966 793 Hugurique
1001 708 1204 792 Grajis
1244 732 1485 785 sumus,
1533 709 1627 771 his
1673 711 2045 796 Nestorique

114 801 310 861 Russo
343 795 496 880 Ugri
536 807 594 856 et
630 792 781 857 Uhri
817 816 1111 855 vocamur.

243 1011 290 1070 3)
334 1008 668 1072 Nicephorum
699 1008 952 1058 Callistum
980 1007 1204 1072 plerique
1232 1013 1426 1071 putant,
1462 1006 1568 1055 vide
1598 1007 1787 1071 Appen.
1810 1007 1870 1055 ad
1895 1008 2044 1072 Corp.

110 1094 226 1143 hist.
261 1093 446 1142 Bizant.
486 1109 537 1157 p.
577 1092 653 1142 77
687 1099 735 1142 et
766 1108 871 1157 seq.
930 1092 994 1141 Et
1036 1092 1487 1142 secundum'hunc
1528 1092 1673 1141 etiam
1715 1091 1888 1140 Const.
1923 1092 2048 1140 Por—

111 1178 240 1244 phir.
276 1178 358 1242 qui
390 1177 423 1226 l.
447 1177 486 1225 I.
521 1178 706 1227 Tactic.
742 1193 832 1241 pro
868 1177 1142 1241 Cutriguris
1176 1177 1499 1244 (Varchunis‚
1532 1176 1790 1237 Avaribus)
1822 1176 2050 1241 Agare—

110 1279 218 1312 nos
248 1262 431 1327 posuit.

241 1348 290 1408 4)
335 1346 391 1395 In
422 1361 646 1395 monum.
683 1346 850 1394 Germ.
885 1345 1001 1394 hist.
1037 1345 1094 1393 T.
1129 1346 1167 1394 Ι.
1863 1394 1868 1397 ,

243 1432 290 1491 5)
335 1430 519 1479 Rerum
551 1430 695 1479 alem.
733 1430 914 1494 Script.
949 1429 1136 1493 aliquot
1166 1429 1393 1477 Francos.
1435 1425 1593 1478 1730
1629 1429 1888 1493 Hepidami
1919 1429 2048 1478 Cae-

110 1514 242 1564 nobii
273 1515 323 1563 S.
357 1514 479 1563 Galli
512 1515 722 1563 Annales
762 1514 934 1563 breves
967 1514 1028 1562 ad
1059 1529 1104 1562 a.
1141 1510 1280 1574 889,
1319 1509 1459 1572 893,
1498 1511 1638 1574 899,
1676 1511 1794 1562 900
1836 1520 1932 1563 cet.
1977 1514 2046 1563 lta

112 1599 366 1648 Cedrenus
398 1599 454 1648 T.
489 1599 551 1647 II.
586 1614 636 1662 p.
676 1596 815 1647 501.
864 1599 1120 1659 „Thomas
1160 1613 1360 1647 manum
1405 1598 1616 1647 militum
1647 1598 1852 1646 validam
1886 1599 2048 1662 coegit

110 1692 215 1732 tum
261 1683 394 1747 ipse,
448 1689 551 1731 tum
587 1683 645 1731 ab
687 1683 919 1746 Agarenis
959 1682 1161 1746 accipit,
1226 1698 1328 1730 non
1368 1698 1426 1730 ex
1463 1683 1649 1731 nostris
1689 1683 1838 1731 modo
1878 1683 2049 1731 vicinis

111 1767 394 1823 collectam,
459 1767 546 1815 sed
596 1767 741 1815 etiam
780 1782 838 1815 ex
876 1766 1250 1815 remotioribus:
1309 1767 1494 1826 IberiS‚
1552 1767 1741 1826 Zichis,
1785 1767 2046 1816 Cabaris.“

112 1851 245 1901 Idem
278 1851 426 1915 igitur
454 1851 882 1914 Agarenorum‚
931 1851 1011 1916 qui
1056 1850 1390 1915 Ogororum
1423 1851 1637 1900 nominis
1669 1851 1900 1900 ambitus.

1006 2075 1149 2150 §a

113 2243 116 2246 ⁴
156 2224 467 2290 Hunugari
506 2226 658 2291 apud
703 2226 1092 2284 Jornandem‚
1142 2226 1299 2294 quold
1345 2226 1600 2274 Hunnos
1640 2225 2005 2290 Ogorosque

912 2324 1241 2388 significat.
1303 2390 1307 2395 ·

285 2483 605 2568 Hunuga-ri
635 2482 986 2558 Jornandis‚
1032 2490 1076 2561 1)
1122 2482 1446 2567 Hunnugri
1490 2481 1797 2544 Ludovico
1846 2482 2046 2544 Tube-

115 2567 272 2642 roni,
319 2591 435 2629 non
482 2591 611 2630 mea
644 2568 864 2644 solum,
911 2567 1017 2630 sed
1064 2566 1242 2652 hujus
1281 2590 1514 2651 quoque
1547 2565 1845 2628 sententia
1883 2567 2051 2627 Hun-

253 2753 295 2811 l)
345 2751 638 2815 „Hunugari
680 2757 844 2800 autem
888 2750 1005 2799 hinc
1046 2756 1161 2799 sunt
1201 2750 1335 2808 noti,
1393 2749 1504 2825 quia
1543 2749 1602 2798 al)
1635 2748 1756 2813 ipsis
1798 2750 2048 2813 pellium

14 2847 43 2865 ³
116 2835 482 2895 murinarum
533 2836 662 2884 venit
695 2835 1076 2894 commercium,
1127 2850 1251 2899 quos
1284 2840 1532 2883 tantorum
1567 2834 1782 2883 virorum
1814 2834 2053 2883 formida-

116 2919 182 2967 vit
219 2919 478 2968 audacia.“
519 2921 658 2968 Jorn.
702 2921 761 2968 de
792 2919 942 2968 rebus
975 2919 1083 2968 Get.
1116 2919 1224 2968 Jam
1259 2918 1433 2967 Strabo
1465 2918 1639 2968 urbem
1672 2918 1875 2967 Tanaim
1906 2919 2052 2968 ssuvio

117 3003 460 3066 cognominem
491 3004 779 3066 (maximum
807 3003 1129 3053 harbarorum
1158 3004 1431 3053 secundum
1463 3003 1842 3066 Ranticapaeum
1875 3018 2053 3066 empo-

117 3087 245 3136 rium
285 3087 342 3135 L.
383 3087 483 3135 vll.
530 3104 579 3152 p.
622 3083 790 3149 1477.)
832 3088 1066 3138 comercii
1107 3087 1255 3153 hujus
1297 3088 1464 3159 sedem
1502 3088 1654 3136 fuisse
1694 3087 1876 3135 notavit
1914 3087 1946 3133 l.
1989 3087 2048 3134 X.

117 3187 168 3235 p.
195 3168 334 3230 755,
369 3168 506 3220 757.
536 3172 854 3222 instauratam
883 3173 1058 3222 deinde
1086 3189 1176 3237 per
1195 3173 1458 3222 ChazarOS.
1507 3171 1630 3220 Coll.
1665 3186 1761 3219 rer.
1797 3170 2047 3219 Russicar.

120 3255 308 3304 Mulleri
341 3255 396 3304 T.
428 3255 488 3302 II.
523 3271 573 3318 p.
601 3252 697 3305 73.
741 3257 875 3314 Quos
905 3258 1182 3306 Jornandes
1214 3257 1603 3320 Hunuga1·OS‚
1640 3253 1814 3303 Strabo
1848 3253 2051 3317 Scythas

124 3340 251 3400 „sed
280 3354 489 3403 quorum
521 3339 697 3402 singuli
727 3341 895 3404 populi
928 3341 1071 3390 etiam
1106 3357 1192 3389 sua
1223 3341 1423 3390 nomina
1453 3339 1675 3388 habent“
1708 3337 1885 3401 apellat
1905 3353 2053 3402 supra

123 3424 279 3472 ostia
310 3423 530 3472 Tanais
563 3423 695 3484 (Don
727 3426 802 3483 ῐὸ)
836 3423 1067 3473 carnibus
1098 3432 1148 3473 et
1177 3425 1302 3473 lacte
1332 3425 1572 3482 viventeS,
1616 3421 1936 3485 difficilesque
1969 3437 2057 3470 ac-

63 3497 66 3501 ’
123 3523 297 3568 cessu,
350 3508 460 3572 quia
504 3507 815 3556 multitudine
847 3523 903 3556 ac
934 3507 1116 3557 viribus
1151 3514 1502 3573 praepotentes
1555 3506 1612 3568 (l.
1664 3506 1745 3555 xl.
1798 3522 1847 3569 p.
1888 3499 2054 3566 7514.)
