2384 3886
7 425 11 433 ι

6 863 15 902 „v
0 810 11 846 ..v
0 768 15 787 κ,
3 516 10 525 =

6 702 47 917 Jznffifffi-ps
17 625 21 629 '
16 515 26 540 ·'

0 405 55 513 ,2-

1929 199 2050 255 197

92 416 105 463 ‘¹
145 432 214 506 2)
258 424 577 488 Moribus
622 422 995 509 religione,
1041 422 1512 510 bonarumque
1558 425 1808 488 artium
1852 424 2040 488 cultu

657 521 1114 588 informandis
1159 520 1536 587 intendere]

1003 698 1046 774 g
1092 701 1189 756 12.

765 867 832 917 ln
877 866 1034 917 hunc
1079 866 1181 916 ille
1226 866 1407 916 finem

302 1027 650 1091 Thesauros
695 1027 929 1113 Gyulae
964 1025 1258 1113 junioris,
1315 1025 1743 1112 maximamque
1777 1028 2040 1113 captivae

134 1113 418 1201 pecuniae
441 1113 576 1191 vim,
606 1113 667 1174 in
690 1111 1033 1198 excitandas
1055 1112 1325 1176 Eclesias
1350 1133 1570 1199 easque
1589 1113 1934 1176 necessaria
1955 1114 2041 1177 in—

133 1198 451 1263 struendas
480 1199 873 1286 supellectile,
937 1197 1328 1261 arcessendos
1379 1197 1684 1261 literarum
1726 1197 2039 1262 honarum—

132 1309 246 1372 que
282 1285 493 1348 artium
522 1281 882 1370 MagistroS,
927 1306 1235 1370 raramque
1261 1297 1415 1360 tum,
1461 1295 1521 1346 et
1552 1282 1842 1346 carissimi
1868 1286 2043 1372 pretii

131 1393 414 1448 mercem,
443 1370 627 1433 libros
658 1393 727 1434 ea
744 1370 1098 1433 liberalitate
1118 1368 1441 1445 convertit,
1472 1380 1536 1431 ut
1551 1367 1806 1453 judicari
1827 1372 2039 1457 possit,

131 1479 436 1537 sacrorum
491 1455 740 1531 cultum,
796 1468 1135 1542 rectamque
1188 1477 1413 1517 morum
1457 1453 1886 1518 institutionem
1929 1481 2037 1545 pro

131 1541 328 1629 praeci
368 1566 445 1606 uo
495 1540 550 1603 ei
602 1540 908 1606 societatis
966 1540 1154 1604 civilis
1190 1538 1521 1628 salutisque
1555 1539 1824 1628 publicae
1871 1565 2037 1630 prae·

133 1626 282 1692 sidio
317 1565 520 1691 iniisse.

991 1819 1033 1895 g
1079 1821 1173 1878 13.

371 1992 426 2036 et
457 1986 827 2052 specialiter:
864 1985 1233 2035 condendam
1265 1983 1438 2033 Albae
1468 1983 1791 2034 basilicam.

301 2149 468 2211 Inter
491 2145 760 2210 Eclesias
785 2144 1199 2233 praefulgebat
1217 2143 1461 2207 basilica
1481 2144 1789 2222 AlbensiS,
1825 2145 2038 2231 grandi

135 2231 393 2295 excitata
427 2244 654 2309 sumtu,
700 2244 760 2294 et
789 2231 862 2294 ad
890 2254 1022 2294 eum
1058 2243 1399 2317 comparata
1427 2230 1819 2316 splendorem,
1855 2230 2036 2317 digna

130 2330 198 2381 ut
231 2330 419 2395 esset,
464 2317 525 2381 in
607 2340 680 2379 ua
711 2316 883 2403 primi
914 2316 1342 2393 coronationis,
1399 2318 1816 2402 justorumque
1867 2313 2048 2380 sune!

131 2402 324 2466 brium
356 2403 546 2467 ultimi
566 2341 832 2466 (honores
862 2402 1132 2488 Regibus
1163 2401 1540 2465 haberentur.
1586 2404 1781 2488 Hujus
1810 2401 1908 2465 ille
1935 2426 2037 2465 cu-

132 2487 329 2552 stodia
380 2489 581 2576 templi
631 2511 938 2565 eoronam,
1000 2500 1314 2574 ceteraque
1353 2486 1617 2550 clenodia
1663 2499 1722 2550 et
1760 2487 2037 2551 vexillum

35 2643 38 2646 Δ
133 2597 305 2636 suum
336 2580 381 2654 1)
419 2572 638 2651 teneri,
685 2596 1001 2660 curamque
1045 2572 1427 2660 Praeposito,
1481 2585 1569 2650 et,
1616 2574 1715 2659 qui
1762 2572 1916 2635 hunc
1963 2597 2036 2638 ex

271 2763 313 2822 1)
360 2761 511 2811 Thur.
544 2777 593 2827 p.
628 2761 703 2811 lv.
745 2776 854 2826 cap.
888 2760 986 2810 VII.
1021 2761 1081 2810 de
1113 2759 1285 2810 Carolo
1317 2748 1464 2825 parvo
1498 2760 1654 2821 „dum
1685 2759 1745 2809 de
1775 2773 2036 2809 consue-

132 2846 364 2907 tudine,
398 2862 564 2897 sacrae
587 2853 702 2912 post
731 2847 908 2896 missae
939 2832 1192 2908 solemnia,
1225 2845 1374 2911 regali
1404 2844 1454 2899 in
1476 2845 1627 2907 fastu,
1658 2843 1923 2895 Procerum
1954 2860 2039 2895 ca·-

133 2938 265 2981 terva
308 2932 512 2997 stipatus
549 2932 786 2998 templum
831 2931 1098 2997 egreditur,
1144 2947 1322 2996 equum
1354 2947 1471 2981 auro
1503 2930 1769 2980 radiantem
1799 2945 2039 2982 ascensu-

132 3032 233 3078 ruS,
267 3016 456 3081 insigne
476 3033 517 3068 s.
538 3018 684 3084 Regis
709 3017 942 3084 Stephani
964 3018 1206 3078 vexillum,
1240 3033 1336 3082 quo
1367 3016 1524 3082 prima
1555 3016 1657 3066 dies
1686 3015 1823 3080 regni
1854 3015 2036 3066 dudum

131 3102 251 3151 freta
289 3102 404 3162 suit,
446 3108 614 3168 totque
652 3119 742 3169 per
769 3118 925 3154 annos
955 3103 1036 3170 pia
1058 3102 1296 3167 religione
1326 3103 1500 3153 futuris
1531 3101 1744 3167 Regibus
1775 3106 2032 3161 servatum,

129 3187 264 3236 illum
302 3187 600 3251 praecedens
641 3188 885 3238 testudine
914 3188 1073 3238 valvae
1095 3194 1315 3248 tactum,
1356 3189 1407 3237 in
1443 3194 1605 3252 partes
1636 3185 1905 3250 frangitur“
1934 3191 2028 3238 cet.

131 3272 245 3321 Bela
276 3272 351 3322 lv.
393 3272 442 3321 in
481 3271 552 3321 lit.
594 3273 654 3322 de
694 3288 821 3322 anno
858 3271 1013 3323 1250
1060 3289 1209 3338 super
1244 3280 1374 3326 terra
1403 3273 1529 3322 Rum
1555 3271 1712 3336 (apud
1734 3270 2031 3335 ,Lehoczky).

138 3357 306 3419 „Cum
335 3357 504 3407 vexillo
536 3356 587 3406 in
616 3357 806 3407 Eclesia
834 3358 1029 3407 Albensi
1059 3357 1262 3419 elevatO,
1294 3357 1554 3423 pugnaturi
1586 3361 1752 3406 contra
1781 3354 2026 3405 Albertum

72 3481 75 3484 <
131 3443 315 3493 Ducem
354 3442 611 3493 Austriaff‘
655 3450 748 3492 cet.
802 3442 936 3492 Idem
973 3443 1086 3492 facit
1121 3442 1371 3493 Ladislaus
1402 3443 1476 3492 IV.
1518 3442 1644 3506 aqud
1674 3440 1844 3490 Kezam
1876 3440 1932 3491 L.
1965 3440 2025 3491 ΙΙ.

133 3544 238 3594 cap.
271 3527 324 3578 V.
358 3545 407 3594 p.
437 3526 533 3579 72.
567 3528 682 3580 edit.
714 3527 893 3579 Podhr.
935 3527 1149 3579 Andreas
1170 3529 1293 3580 ‚item
1328 3527 1410 3578 111.
1446 3526 1586 3577 C..D.
1612 3526 1687 3577 VI.
1719 3524 1769 3577 1.
1802 3543 1852 3592 p.
1891 3522 2024 3580 116..
