<?xml version="1.0" encoding="UTF-8"?>
<!DOCTYPE html PUBLIC "-//W3C//DTD XHTML 1.0 Transitional//EN"
    "http://www.w3.org/TR/xhtml1/DTD/xhtml1-transitional.dtd">
<html xmlns="http://www.w3.org/1999/xhtml" xml:lang="en" lang="en">
 <head>
  <title>
</title>
<meta http-equiv="Content-Type" content="text/html;charset=utf-8" />
  <meta name='ocr-system' content='tesseract 3.04.00' />
  <meta name='ocr-capabilities' content='ocr_page ocr_carea ocr_par ocr_line ocrx_word'/>
</head>
<body>
  <div class='ocr_page' id='page_1' title='image "./commentariorumad01bart_0300.png"; bbox 0 0 2384 3886; ppageno 0'>
   <div class='ocr_carea' id='block_1_1' title="bbox 421 227 541 281">
    <p class='ocr_par' dir='ltr' id='par_1_1' title="bbox 421 227 541 281">
     <span class='ocr_line' id='line_1_1' title="bbox 421 227 541 281; baseline -0.008 0"><span class='ocrx_word' id='word_1_1' title='bbox 421 227 541 281; x_wconf 84' lang='lat'>292</span> 
     </span>
    </p>
   </div>
   <div class='ocr_carea' id='block_1_2' title="bbox 1277 500 1460 576">
    <p class='ocr_par' dir='ltr' id='par_1_2' title="bbox 1277 500 1460 576">
     <span class='ocr_line' id='line_1_2' title="bbox 1277 500 1460 576; baseline -0.022 -15"><span class='ocrx_word' id='word_1_2' title='bbox 1277 500 1460 576; x_wconf 66' lang='lat' dir='ltr'>§aa</span> 
     </span>
    </p>
   </div>
   <div class='ocr_carea' id='block_1_3' title="bbox 464 681 2297 850">
    <p class='ocr_par' dir='ltr' id='par_1_3' title="bbox 464 681 2297 850">
     <span class='ocr_line' id='line_1_3' title="bbox 464 681 2297 750; baseline 0.002 -18"><span class='ocrx_word' id='word_1_3' title='bbox 464 698 574 733; x_wconf 88' lang='lat' dir='ltr'>nec</span> <span class='ocrx_word' id='word_1_4' title='bbox 619 681 946 744; x_wconf 81' lang='lat' dir='ltr'>militibus,</span> <span class='ocrx_word' id='word_1_5' title='bbox 989 698 1137 749; x_wconf 85' lang='lat' dir='ltr'>quos</span> <span class='ocrx_word' id='word_1_6' title='bbox 1175 682 1502 749; x_wconf 87' lang='lat' dir='ltr'>majoribus</span> <span class='ocrx_word' id='word_1_7' title='bbox 1543 682 1903 735; x_wconf 81' lang='lat' dir='ltr'>sacerdotiis</span> <span class='ocrx_word' id='word_1_8' title='bbox 1941 683 2297 750; x_wconf 82' lang='lat' dir='ltr'>assignavit,</span> 
     </span>
     <span class='ocr_line' id='line_1_4' title="bbox 1235 784 1524 850; baseline 0.003 -17"><span class='ocrx_word' id='word_1_9' title='bbox 1235 784 1524 850; x_wconf 79' lang='lat' dir='ltr'>exceptis,</span> 
     </span>
    </p>
   </div>
   <div class='ocr_carea' id='block_1_4' title="bbox 418 959 2343 2247">
    <p class='ocr_par' dir='ltr' id='par_1_4' title="bbox 418 959 2343 2247">
     <span class='ocr_line' id='line_1_5' title="bbox 599 959 2342 1048; baseline 0.001 -22"><span class='ocrx_word' id='word_1_10' title='bbox 599 963 884 1039; x_wconf 79' lang='lat' dir='ltr'>LiberOS,</span> <span class='ocrx_word' id='word_1_11' title='bbox 917 985 1023 1024; x_wconf 90' lang='lat' dir='ltr'>seu</span> <span class='ocrx_word' id='word_1_12' title='bbox 1060 961 1304 1038; x_wconf 79' lang='lat' dir='ltr'>milites,</span> <span class='ocrx_word' id='word_1_13' title='bbox 1334 959 1386 1022; x_wconf 90' lang='lat' dir='ltr'>d.</span> <span class='ocrx_word' id='word_1_14' title='bbox 1412 959 1756 1048; x_wconf 77' lang='lat' dir='ltr'>Stephanus</span> <span class='ocrx_word' id='word_1_15' title='bbox 1794 961 2117 1048; x_wconf 88' lang='lat' dir='ltr'>majoribus</span> <span class='ocrx_word' id='word_1_16' title='bbox 2147 986 2342 1027; x_wconf 85' lang='lat' dir='ltr'>sacer-</span> 
     </span>
     <span class='ocr_line' id='line_1_6' title="bbox 428 1044 2342 1136; baseline 0.001 -25"><span class='ocrx_word' id='word_1_17' title='bbox 428 1049 604 1112; x_wconf 90' lang='lat' dir='ltr'>dotiis</span> <span class='ocrx_word' id='word_1_18' title='bbox 647 1049 720 1111; x_wconf 92' lang='lat' dir='ltr'>ad</span> <span class='ocrx_word' id='word_1_19' title='bbox 763 1047 1152 1134; x_wconf 77' lang='lat' dir='ltr'>praesidium,</span> <span class='ocrx_word' id='word_1_20' title='bbox 1196 1044 1495 1132; x_wconf 85' lang='lat' dir='ltr'>decusque</span> <span class='ocrx_word' id='word_1_21' title='bbox 1515 1046 1872 1133; x_wconf 82' lang='lat' dir='ltr'>assignavit,</span> <span class='ocrx_word' id='word_1_22' title='bbox 1908 1049 2109 1135; x_wconf 87' lang='lat' dir='ltr'>plures</span> <span class='ocrx_word' id='word_1_23' title='bbox 2133 1049 2342 1136; x_wconf 90' lang='lat' dir='ltr'>amplis</span> 
     </span>
     <span class='ocr_line' id='line_1_7' title="bbox 428 1131 2343 1222; baseline -0.001 -24"><span class='ocrx_word' id='word_1_24' title='bbox 428 1136 678 1198; x_wconf 87' lang='lat' dir='ltr'>donatos</span> <span class='ocrx_word' id='word_1_25' title='bbox 708 1133 891 1217; x_wconf 80' lang='lat' dir='ltr'>agris,</span> <span class='ocrx_word' id='word_1_26' title='bbox 921 1132 1289 1196; x_wconf 87' lang='lat' dir='ltr'>Obtinebant</span> <span class='ocrx_word' id='word_1_27' title='bbox 1313 1131 1396 1194; x_wconf 91' lang='lat' dir='ltr'>illi</span> <span class='ocrx_word' id='word_1_28' title='bbox 1433 1131 1544 1196; x_wconf 91' lang='lat' dir='ltr'>hos</span> <span class='ocrx_word' id='word_1_29' title='bbox 1570 1133 1697 1219; x_wconf 90' lang='lat' dir='ltr'>pari</span> <span class='ocrx_word' id='word_1_30' title='bbox 1721 1145 1780 1196; x_wconf 88' lang='lat' dir='ltr'>et</span> <span class='ocrx_word' id='word_1_31' title='bbox 1798 1132 2037 1210; x_wconf 89' lang='lat' dir='ltr'>eodem,</span> <span class='ocrx_word' id='word_1_32' title='bbox 2085 1158 2200 1222; x_wconf 92' lang='lat' dir='ltr'>quo</span> <span class='ocrx_word' id='word_1_33' title='bbox 2239 1135 2343 1197; x_wconf 92' lang='lat' dir='ltr'>mi-</span> 
     </span>
     <span class='ocr_line' id='line_1_8' title="bbox 426 1217 2342 1306; baseline -0.001 -23"><span class='ocrx_word' id='word_1_34' title='bbox 426 1222 560 1284; x_wconf 84' lang='lat' dir='ltr'>lites</span> <span class='ocrx_word' id='word_1_35' title='bbox 595 1219 805 1294; x_wconf 89' lang='lat' dir='ltr'>ceteri,</span> <span class='ocrx_word' id='word_1_36' title='bbox 853 1217 1092 1280; x_wconf 88' lang='lat' dir='ltr'>dominii</span> <span class='ocrx_word' id='word_1_37' title='bbox 1119 1220 1275 1304; x_wconf 87' lang='lat' dir='ltr'>jure.</span> <span class='ocrx_word' id='word_1_38' title='bbox 1331 1221 1519 1281; x_wconf 82' lang='lat' dir='ltr'>Erant</span> <span class='ocrx_word' id='word_1_39' title='bbox 1559 1231 1869 1306; x_wconf 87' lang='lat' dir='ltr'>praeterea</span> <span class='ocrx_word' id='word_1_40' title='bbox 1900 1231 1959 1282; x_wconf 88' lang='lat' dir='ltr'>et</span> <span class='ocrx_word' id='word_1_41' title='bbox 1996 1218 2055 1282; x_wconf 88' lang='lat' dir='ltr'>hi</span> <span class='ocrx_word' id='word_1_42' title='bbox 2091 1220 2167 1283; x_wconf 88' lang='lat' dir='ltr'>ab</span> <span class='ocrx_word' id='word_1_43' title='bbox 2186 1221 2342 1284; x_wconf 91' lang='lat' dir='ltr'>omni</span> 
     </span>
     <span class='ocr_line' id='line_1_9' title="bbox 424 1302 2340 1392; baseline 0.001 -24"><span class='ocrx_word' id='word_1_44' title='bbox 424 1307 677 1382; x_wconf 87' lang='lat' dir='ltr'>tributo,</span> <span class='ocrx_word' id='word_1_45' title='bbox 736 1302 1139 1390; x_wconf 82' lang='lat' dir='ltr'>vectigalique</span> <span class='ocrx_word' id='word_1_46' title='bbox 1183 1310 1247 1384; x_wconf 87' lang='lat' dir='ltr'>(a</span> <span class='ocrx_word' id='word_1_47' title='bbox 1288 1304 1452 1366; x_wconf 89' lang='lat' dir='ltr'>lucro</span> <span class='ocrx_word' id='word_1_48' title='bbox 1496 1307 1813 1389; x_wconf 79' lang='lat' dir='ltr'>Gamerae,</span> <span class='ocrx_word' id='word_1_49' title='bbox 1871 1305 1954 1368; x_wconf 90' lang='lat' dir='ltr'>ait</span> <span class='ocrx_word' id='word_1_50' title='bbox 2002 1306 2340 1392; x_wconf 76' lang='lat' dir='ltr'>sigismun-</span> 
     </span>
     <span class='ocr_line' id='line_1_10' title="bbox 423 1389 2340 1477; baseline 0.001 -22"><span class='ocrx_word' id='word_1_51' title='bbox 423 1393 534 1456; x_wconf 85' lang='lat' dir='ltr'>dus</span> <span class='ocrx_word' id='word_1_52' title='bbox 561 1398 607 1470; x_wconf 89' lang='lat'>1)</span> <span class='ocrx_word' id='word_1_53' title='bbox 639 1394 797 1470; x_wconf 84' lang='lat' dir='ltr'>Rex)</span> <span class='ocrx_word' id='word_1_54' title='bbox 824 1413 1122 1476; x_wconf 89' lang='lat' dir='ltr'>nunquam</span> <span class='ocrx_word' id='word_1_55' title='bbox 1150 1412 1265 1452; x_wconf 92' lang='lat' dir='ltr'>non</span> <span class='ocrx_word' id='word_1_56' title='bbox 1293 1389 1608 1466; x_wconf 74' lang='lat' dir='ltr'>immuneS,</span> <span class='ocrx_word' id='word_1_57' title='bbox 1644 1402 1704 1454; x_wconf 91' lang='lat' dir='ltr'>et</span> <span class='ocrx_word' id='word_1_58' title='bbox 1733 1390 1790 1452; x_wconf 89' lang='lat' dir='ltr'>in</span> <span class='ocrx_word' id='word_1_59' title='bbox 1812 1393 2195 1477; x_wconf 75' lang='lat' dir='ltr'>juramentiS,</span> <span class='ocrx_word' id='word_1_60' title='bbox 2237 1392 2340 1456; x_wconf 89' lang='lat' dir='ltr'>ho-</span> 
     </span>
     <span class='ocr_line' id='line_1_11' title="bbox 418 1474 2336 1564; baseline 0.001 -25"><span class='ocrx_word' id='word_1_61' title='bbox 418 1476 634 1564; x_wconf 81' lang='lat' dir='ltr'>magiis</span> <span class='ocrx_word' id='word_1_62' title='bbox 675 1489 735 1539; x_wconf 87' lang='lat' dir='ltr'>et</span> <span class='ocrx_word' id='word_1_63' title='bbox 773 1475 1132 1539; x_wconf 83' lang='lat' dir='ltr'>testimoniis</span> <span class='ocrx_word' id='word_1_64' title='bbox 1183 1474 1386 1539; x_wconf 88' lang='lat' dir='ltr'>eodem</span> <span class='ocrx_word' id='word_1_65' title='bbox 1438 1476 1650 1557; x_wconf 86' lang='lat' dir='ltr'>(verba</span> <span class='ocrx_word' id='word_1_66' title='bbox 1699 1475 1899 1540; x_wconf 88' lang='lat' dir='ltr'>itidem</span> <span class='ocrx_word' id='word_1_67' title='bbox 1959 1477 2336 1564; x_wconf 82' lang='lat' dir='ltr'>Sigismundi</span> 
     </span>
     <span class='ocr_line' id='line_1_12' title="bbox 423 1561 2335 1649; baseline 0 -23"><span class='ocrx_word' id='word_1_68' title='bbox 423 1571 593 1643; x_wconf 85' lang='lat' dir='ltr'>sunt)</span> <span class='ocrx_word' id='word_1_69' title='bbox 643 1562 814 1626; x_wconf 90' lang='lat' dir='ltr'>modo</span> <span class='ocrx_word' id='word_1_70' title='bbox 875 1575 933 1625; x_wconf 87' lang='lat' dir='ltr'>et</span> <span class='ocrx_word' id='word_1_71' title='bbox 983 1565 1178 1647; x_wconf 81' lang='lat' dir='ltr'>jure,</span> <span class='ocrx_word' id='word_1_72' title='bbox 1213 1585 1326 1647; x_wconf 89' lang='lat' dir='ltr'>quo</span> <span class='ocrx_word' id='word_1_73' title='bbox 1379 1562 1527 1625; x_wconf 87' lang='lat' dir='ltr'>veri</span> <span class='ocrx_word' id='word_1_74' title='bbox 1579 1561 1885 1626; x_wconf 86' lang='lat' dir='ltr'>Nobiles</span> <span class='ocrx_word' id='word_1_75' title='bbox 1935 1564 2172 1649; x_wconf 83' lang='lat' dir='ltr'>regni,</span> <span class='ocrx_word' id='word_1_76' title='bbox 2242 1587 2335 1627; x_wconf 92' lang='lat' dir='ltr'>ac—</span> 
     </span>
     <span class='ocr_line' id='line_1_13' title="bbox 424 1647 2336 1737; baseline -0.001 -24"><span class='ocrx_word' id='word_1_77' title='bbox 424 1649 851 1737; x_wconf 87' lang='lat' dir='ltr'>ceptabantur,</span> <span class='ocrx_word' id='word_1_78' title='bbox 905 1647 1453 1734; x_wconf 89' lang='lat' dir='ltr'>reputabanturque</span> <span class='ocrx_word' id='word_1_79' title='bbox 1493 1670 1755 1734; x_wconf 84' lang='lat' dir='ltr'>semper3</span> <span class='ocrx_word' id='word_1_80' title='bbox 1814 1671 1944 1710; x_wconf 90' lang='lat' dir='ltr'>cum</span> <span class='ocrx_word' id='word_1_81' title='bbox 1993 1660 2192 1712; x_wconf 89' lang='lat' dir='ltr'>tamen</span> <span class='ocrx_word' id='word_1_82' title='bbox 2231 1651 2336 1712; x_wconf 87' lang='lat' dir='ltr'>mi-</span> 
     </span>
     <span class='ocr_line' id='line_1_14' title="bbox 420 1732 2334 1821; baseline 0 -22"><span class='ocrx_word' id='word_1_83' title='bbox 420 1736 556 1800; x_wconf 88' lang='lat' dir='ltr'>lites</span> <span class='ocrx_word' id='word_1_84' title='bbox 612 1735 671 1797; x_wconf 88' lang='lat' dir='ltr'>hi</span> <span class='ocrx_word' id='word_1_85' title='bbox 728 1734 1093 1814; x_wconf 80' lang='lat' dir='ltr'>(Bellatores</span> <span class='ocrx_word' id='word_1_86' title='bbox 1151 1755 1257 1796; x_wconf 89' lang='lat' dir='ltr'>eos</span> <span class='ocrx_word' id='word_1_87' title='bbox 1313 1732 1729 1819; x_wconf 80' lang='lat' dir='ltr'>Jobbagiones</span> <span class='ocrx_word' id='word_1_88' title='bbox 1777 1732 2082 1812; x_wconf 82' lang='lat' dir='ltr'>Eclesiae,</span> <span class='ocrx_word' id='word_1_89' title='bbox 2139 1736 2334 1821; x_wconf 82' lang='lat' dir='ltr'>Rege-</span> 
     </span>
     <span class='ocr_line' id='line_1_15' title="bbox 421 1819 2333 1894; baseline -0.001 -9"><span class='ocrx_word' id='word_1_90' title='bbox 421 1835 576 1885; x_wconf 90' lang='lat' dir='ltr'>stum</span> <span class='ocrx_word' id='word_1_91' title='bbox 619 1819 995 1884; x_wconf 88' lang='lat' dir='ltr'>Varadiense</span> <span class='ocrx_word' id='word_1_92' title='bbox 1037 1842 1283 1882; x_wconf 91' lang='lat' dir='ltr'>numero</span> <span class='ocrx_word' id='word_1_93' title='bbox 1323 1825 1406 1881; x_wconf 79' lang='lat'>8⁰</span> <span class='ocrx_word' id='word_1_94' title='bbox 1451 1831 1511 1882; x_wconf 91' lang='lat' dir='ltr'>et</span> <span class='ocrx_word' id='word_1_95' title='bbox 1551 1826 1664 1894; x_wconf 78' lang='lat'>883</span> <span class='ocrx_word' id='word_1_96' title='bbox 1721 1819 2025 1883; x_wconf 85' lang='lat' dir='ltr'>Nobiles</span> <span class='ocrx_word' id='word_1_97' title='bbox 2070 1820 2333 1885; x_wconf 48' lang='lat' dir='ltr'>Jobbaa</span> 
     </span>
     <span class='ocr_line' id='line_1_16' title="bbox 420 1904 2332 1994; baseline 0 -24"><span class='ocrx_word' id='word_1_98' title='bbox 420 1909 671 1994; x_wconf 82' lang='lat' dir='ltr'>giones</span> <span class='ocrx_word' id='word_1_99' title='bbox 730 1905 1163 1968; x_wconf 83' lang='lat' dir='ltr'>Eclesiarnm</span> <span class='ocrx_word' id='word_1_100' title='bbox 1199 1910 1250 1982; x_wconf 75' lang='grc'>2)</span> <span class='ocrx_word' id='word_1_101' title='bbox 1304 1904 1645 1991; x_wconf 88' lang='lat' dir='ltr'>Diplomata</span> <span class='ocrx_word' id='word_1_102' title='bbox 1695 1905 1826 1968; x_wconf 89' lang='lat' dir='ltr'>aevi</span> <span class='ocrx_word' id='word_1_103' title='bbox 1879 1907 2185 1992; x_wconf 87' lang='lat' dir='ltr'>sequentis</span> <span class='ocrx_word' id='word_1_104' title='bbox 2233 1931 2332 1971; x_wconf 84' lang='lat' dir='ltr'>vo-</span> 
     </span>
     <span class='ocr_line' id='line_1_17' title="bbox 418 1989 2338 2078; baseline 0.001 -23"><span class='ocrx_word' id='word_1_105' title='bbox 418 1999 581 2072; x_wconf 88' lang='lat' dir='ltr'>cant)</span> <span class='ocrx_word' id='word_1_106' title='bbox 624 1989 1021 2078; x_wconf 83' lang='lat' dir='ltr'>jurisdictioni</span> <span class='ocrx_word' id='word_1_107' title='bbox 1061 1991 1478 2053; x_wconf 88' lang='lat' dir='ltr'>Praelatorum</span> <span class='ocrx_word' id='word_1_108' title='bbox 1522 2013 1764 2052; x_wconf 91' lang='lat' dir='ltr'>suorum</span> <span class='ocrx_word' id='word_1_109' title='bbox 1804 1991 2156 2069; x_wconf 85' lang='lat' dir='ltr'>subessent,</span> <span class='ocrx_word' id='word_1_110' title='bbox 2204 2017 2338 2056; x_wconf 85' lang='lat' dir='ltr'>cau-</span> 
     </span>
     <span class='ocr_line' id='line_1_18' title="bbox 420 2074 2338 2165; baseline 0.001 -24"><span class='ocrx_word' id='word_1_111' title='bbox 420 2101 638 2165; x_wconf 88' lang='lat' dir='ltr'>saeque</span> <span class='ocrx_word' id='word_1_112' title='bbox 672 2100 873 2140; x_wconf 90' lang='lat' dir='ltr'>eorum</span> <span class='ocrx_word' id='word_1_113' title='bbox 898 2075 958 2137; x_wconf 89' lang='lat' dir='ltr'>in</span> <span class='ocrx_word' id='word_1_114' title='bbox 988 2074 1284 2138; x_wconf 87' lang='lat' dir='ltr'>distinctis</span> <span class='ocrx_word' id='word_1_115' title='bbox 1315 2088 1826 2161; x_wconf 83' lang='lat' dir='ltr'>cognoscerentur</span> <span class='ocrx_word' id='word_1_116' title='bbox 1857 2078 2338 2164; x_wconf 78' lang='lat' dir='ltr'>congregationi-</span> 
     </span>
     <span class='ocr_line' id='line_1_19' title="bbox 420 2160 2336 2247; baseline 0.001 -21"><span class='ocrx_word' id='word_1_117' title='bbox 420 2165 532 2227; x_wconf 90' lang='lat' dir='ltr'>bus</span> <span class='ocrx_word' id='word_1_118' title='bbox 561 2163 719 2240; x_wconf 82' lang='lat' dir='ltr'>suiS,</span> <span class='ocrx_word' id='word_1_119' title='bbox 767 2175 868 2225; x_wconf 86' lang='lat' dir='ltr'>aut</span> <span class='ocrx_word' id='word_1_120' title='bbox 898 2160 1367 2246; x_wconf 80' lang='lat' dir='ltr'>Magistratuum</span> <span class='ocrx_word' id='word_1_121' title='bbox 1407 2184 1513 2247; x_wconf 89' lang='lat' dir='ltr'>per</span> <span class='ocrx_word' id='word_1_122' title='bbox 1535 2162 1850 2225; x_wconf 86' lang='lat' dir='ltr'>Praelatos</span> <span class='ocrx_word' id='word_1_123' title='bbox 1880 2163 2336 2235; x_wconf 87' lang='lat' dir='ltr'>constitutorum</span> 
     </span>
    </p>
   </div>
   <div class='ocr_carea' id='block_1_5' title="bbox 411 2409 2384 2992">
    <p class='ocr_par' dir='ltr' id='par_1_5' title="bbox 411 2409 2384 2992">
     <span class='ocr_line' id='line_1_20' title="bbox 550 2409 2334 2480; baseline 0.002 -20"><span class='ocrx_word' id='word_1_124' title='bbox 550 2409 596 2480; x_wconf 83' lang='lat'>1)</span> <span class='ocrx_word' id='word_1_125' title='bbox 642 2411 697 2460; x_wconf 92' lang='lat' dir='ltr'>In</span> <span class='ocrx_word' id='word_1_126' title='bbox 739 2411 969 2461; x_wconf 88' lang='lat' dir='ltr'>eruendis</span> <span class='ocrx_word' id='word_1_127' title='bbox 1007 2409 1373 2475; x_wconf 82' lang='lat' dir='ltr'>antiquitatibus</span> <span class='ocrx_word' id='word_1_128' title='bbox 1412 2409 1694 2475; x_wconf 82' lang='lat' dir='ltr'>hungaricis</span> <span class='ocrx_word' id='word_1_129' title='bbox 1730 2409 2003 2476; x_wconf 85' lang='lat' dir='ltr'>Diplomata</span> <span class='ocrx_word' id='word_1_130' title='bbox 2039 2410 2334 2476; x_wconf 78' lang='lat' dir='ltr'>sigismundi</span> 
     </span>
     <span class='ocr_line' id='line_1_21' title="bbox 416 2495 2334 2564; baseline 0.001 -17"><span class='ocrx_word' id='word_1_131' title='bbox 416 2498 580 2564; x_wconf 86' lang='lat' dir='ltr'>magni</span> <span class='ocrx_word' id='word_1_132' title='bbox 627 2512 742 2547; x_wconf 87' lang='lat' dir='ltr'>sane</span> <span class='ocrx_word' id='word_1_133' title='bbox 791 2512 913 2546; x_wconf 90' lang='lat' dir='ltr'>usus</span> <span class='ocrx_word' id='word_1_134' title='bbox 959 2511 1068 2545; x_wconf 88' lang='lat' dir='ltr'>esse</span> <span class='ocrx_word' id='word_1_135' title='bbox 1108 2495 1220 2545; x_wconf 89' lang='lat' dir='ltr'>alibi</span> <span class='ocrx_word' id='word_1_136' title='bbox 1260 2497 1552 2562; x_wconf 90' lang='lat' dir='ltr'>saepiusque</span> <span class='ocrx_word' id='word_1_137' title='bbox 1590 2496 1831 2546; x_wconf 88' lang='lat' dir='ltr'>adnotavi.</span> <span class='ocrx_word' id='word_1_138' title='bbox 1886 2495 1957 2545; x_wconf 83' lang='lat' dir='ltr'>Ad</span> <span class='ocrx_word' id='word_1_139' title='bbox 1994 2496 2158 2546; x_wconf 92' lang='lat' dir='ltr'>locum</span> <span class='ocrx_word' id='word_1_140' title='bbox 2201 2497 2334 2548; x_wconf 90' lang='lat' dir='ltr'>hunc</span> 
     </span>
     <span class='ocr_line' id='line_1_22' title="bbox 416 2576 2330 2647; baseline 0 -13"><span class='ocrx_word' id='word_1_141' title='bbox 416 2585 648 2634; x_wconf 82' lang='lat' dir='ltr'>classicae</span> <span class='ocrx_word' id='word_1_142' title='bbox 695 2589 810 2633; x_wconf 88' lang='lat' dir='ltr'>sunt</span> <span class='ocrx_word' id='word_1_143' title='bbox 853 2582 1019 2632; x_wconf 88' lang='lat' dir='ltr'>literae</span> <span class='ocrx_word' id='word_1_144' title='bbox 1068 2582 1174 2647; x_wconf 86' lang='lat' dir='ltr'>ejus</span> <span class='ocrx_word' id='word_1_145' title='bbox 1214 2583 1273 2631; x_wconf 91' lang='lat' dir='ltr'>de</span> <span class='ocrx_word' id='word_1_146' title='bbox 1316 2598 1359 2632; x_wconf 90' lang='lat' dir='ltr'>a.</span> <span class='ocrx_word' id='word_1_147' title='bbox 1399 2576 1578 2632; x_wconf 66' lang='lat'>1411.</span> <span class='ocrx_word' id='word_1_148' title='bbox 1631 2581 1753 2632; x_wconf 88' lang='lat' dir='ltr'>Cod.</span> <span class='ocrx_word' id='word_1_149' title='bbox 1794 2581 1923 2647; x_wconf 91' lang='lat' dir='ltr'>Dipl.</span> <span class='ocrx_word' id='word_1_150' title='bbox 1964 2581 2022 2631; x_wconf 90' lang='lat' dir='ltr'>T.</span> <span class='ocrx_word' id='word_1_151' title='bbox 2055 2583 2153 2633; x_wconf 85' lang='lat' dir='ltr'>Vll.</span> <span class='ocrx_word' id='word_1_152' title='bbox 2194 2600 2238 2633; x_wconf 88' lang='lat' dir='ltr'>v.</span> <span class='ocrx_word' id='word_1_153' title='bbox 2277 2581 2330 2634; x_wconf 85' lang='lat'>5.</span> 
     </span>
     <span class='ocr_line' id='line_1_23' title="bbox 414 2664 2332 2734; baseline -0.001 -14"><span class='ocrx_word' id='word_1_154' title='bbox 414 2686 465 2734; x_wconf 89' lang='lat' dir='ltr'>p.</span> <span class='ocrx_word' id='word_1_155' title='bbox 493 2664 591 2719; x_wconf 67' lang='lat'>43.</span> <span class='ocrx_word' id='word_1_156' title='bbox 633 2668 814 2720; x_wconf 88' lang='lat' dir='ltr'>Confer</span> <span class='ocrx_word' id='word_1_157' title='bbox 843 2668 988 2718; x_wconf 92' lang='lat' dir='ltr'>etiam</span> <span class='ocrx_word' id='word_1_158' title='bbox 1019 2668 1122 2717; x_wconf 90' lang='lat' dir='ltr'>Bel.</span> <span class='ocrx_word' id='word_1_159' title='bbox 1156 2667 1307 2718; x_wconf 82' lang='lat' dir='ltr'>Notit.</span> <span class='ocrx_word' id='word_1_160' title='bbox 1340 2667 1504 2732; x_wconf 86' lang='lat' dir='ltr'>Hung.</span> <span class='ocrx_word' id='word_1_161' title='bbox 1537 2667 1595 2717; x_wconf 87' lang='lat' dir='ltr'>T.</span> <span class='ocrx_word' id='word_1_162' title='bbox 1630 2667 1705 2717; x_wconf 91' lang='lat' dir='ltr'>IV.</span> <span class='ocrx_word' id='word_1_163' title='bbox 1740 2683 1796 2718; x_wconf 92' lang='lat' dir='ltr'>ac</span> <span class='ocrx_word' id='word_1_164' title='bbox 1825 2668 2113 2733; x_wconf 88' lang='lat' dir='ltr'>praesertim</span> <span class='ocrx_word' id='word_1_165' title='bbox 2144 2668 2332 2719; x_wconf 88' lang='lat' dir='ltr'>Literas</span> 
     </span>
     <span class='ocr_line' id='line_1_24' title="bbox 414 2752 2352 2819; baseline 0.001 -15"><span class='ocrx_word' id='word_1_166' title='bbox 414 2756 558 2805; x_wconf 88' lang='lat' dir='ltr'>Belae</span> <span class='ocrx_word' id='word_1_167' title='bbox 599 2755 676 2805; x_wconf 94' lang='lat' dir='ltr'>IV.</span> <span class='ocrx_word' id='word_1_168' title='bbox 728 2769 878 2819; x_wconf 90' lang='lat' dir='ltr'>super</span> <span class='ocrx_word' id='word_1_169' title='bbox 920 2753 1170 2804; x_wconf 87' lang='lat' dir='ltr'>nobilitate</span> <span class='ocrx_word' id='word_1_170' title='bbox 1219 2761 1267 2803; x_wconf 88' lang='lat' dir='ltr'>et</span> <span class='ocrx_word' id='word_1_171' title='bbox 1312 2759 1441 2804; x_wconf 88' lang='lat' dir='ltr'>statu</span> <span class='ocrx_word' id='word_1_172' title='bbox 1477 2752 1860 2819; x_wconf 81' lang='lat' dir='ltr'>Jobbagionatus</span> <span class='ocrx_word' id='word_1_173' title='bbox 1897 2754 2196 2818; x_wconf 87' lang='lat' dir='ltr'>primorum,</span> <span class='ocrx_word' id='word_1_174' title='bbox 2245 2771 2352 2805; x_wconf 69' lang='lat' dir='ltr'>ve-v</span> 
     </span>
     <span class='ocr_line' id='line_1_25' title="bbox 415 2837 2328 2904; baseline 0.001 -14"><span class='ocrx_word' id='word_1_175' title='bbox 415 2856 608 2901; x_wconf 91' lang='lat' dir='ltr'>rorum,</span> <span class='ocrx_word' id='word_1_176' title='bbox 660 2846 708 2889; x_wconf 88' lang='lat' dir='ltr'>et</span> <span class='ocrx_word' id='word_1_177' title='bbox 744 2839 1037 2889; x_wconf 86' lang='lat' dir='ltr'>naturalium</span> <span class='ocrx_word' id='word_1_178' title='bbox 1077 2846 1454 2904; x_wconf 88' lang='lat' dir='ltr'>ceterorumque</span> <span class='ocrx_word' id='word_1_179' title='bbox 1489 2838 1594 2889; x_wconf 89' lang='lat' dir='ltr'>Ecl.</span> <span class='ocrx_word' id='word_1_180' title='bbox 1627 2838 1733 2888; x_wconf 85' lang='lat' dir='ltr'>Alb.</span> <span class='ocrx_word' id='word_1_181' title='bbox 1765 2838 2122 2904; x_wconf 84' lang='lat' dir='ltr'>Jobbagionum</span> <span class='ocrx_word' id='word_1_182' title='bbox 2161 2841 2236 2891; x_wconf 91' lang='lat' dir='ltr'>IV.</span> <span class='ocrx_word' id='word_1_183' title='bbox 2273 2837 2328 2892; x_wconf 89' lang='lat'>3.</span> 
     </span>
     <span class='ocr_line' id='line_1_26' title="bbox 411 2918 2384 2992; baseline -0.002 -16"><span class='ocrx_word' id='word_1_184' title='bbox 411 2941 521 2992; x_wconf 85' lang='lat' dir='ltr'>pag.</span> <span class='ocrx_word' id='word_1_185' title='bbox 560 2922 698 2976; x_wconf 82' lang='lat'>517.</span> <span class='ocrx_word' id='word_1_186' title='bbox 731 2924 898 2974; x_wconf 88' lang='lat' dir='ltr'>multis</span> <span class='ocrx_word' id='word_1_187' title='bbox 928 2924 1080 2975; x_wconf 88' lang='lat' dir='ltr'>titulis</span> <span class='ocrx_word' id='word_1_188' title='bbox 1112 2924 1587 2974; x_wconf 81' lang='lat' dir='ltr'>commemorabileS.</span> <span class='ocrx_word' id='word_1_189' title='bbox 2383 2918 2384 2922; x_wconf 62' lang='grc'>’</span> 
     </span>
    </p>
   </div>
   <div class='ocr_carea' id='block_1_6' title="bbox 409 3037 2331 3618">
    <p class='ocr_par' dir='ltr' id='par_1_6' title="bbox 409 3037 2331 3618">
     <span class='ocr_line' id='line_1_27' title="bbox 545 3037 2331 3106; baseline 0.001 -15"><span class='ocrx_word' id='word_1_190' title='bbox 545 3043 592 3103; x_wconf 85' lang='lat'>2)</span> <span class='ocrx_word' id='word_1_191' title='bbox 636 3040 796 3091; x_wconf 91' lang='lat' dir='ltr'>Nolim</span> <span class='ocrx_word' id='word_1_192' title='bbox 826 3040 944 3102; x_wconf 80' lang='lat' dir='ltr'>hoS,</span> <span class='ocrx_word' id='word_1_193' title='bbox 978 3039 1107 3090; x_wconf 86' lang='lat' dir='ltr'>velut</span> <span class='ocrx_word' id='word_1_194' title='bbox 1137 3040 1219 3105; x_wconf 92' lang='lat' dir='ltr'>qui</span> <span class='ocrx_word' id='word_1_195' title='bbox 1250 3040 1349 3102; x_wconf 91' lang='lat' dir='ltr'>(VI.</span> <span class='ocrx_word' id='word_1_196' title='bbox 1382 3056 1433 3106; x_wconf 89' lang='lat' dir='ltr'>p.</span> <span class='ocrx_word' id='word_1_197' title='bbox 1470 3037 1616 3101; x_wconf 81' lang='lat'>206)</span> <span class='ocrx_word' id='word_1_198' title='bbox 1647 3055 1905 3090; x_wconf 86' lang='lat' dir='ltr'>numerum</span> <span class='ocrx_word' id='word_1_199' title='bbox 1936 3038 2180 3092; x_wconf 87' lang='lat' dir='ltr'>Nobilium</span> <span class='ocrx_word' id='word_1_200' title='bbox 2205 3040 2331 3092; x_wconf 85' lang='lat' dir='ltr'>Joh-</span> 
     </span>
     <span class='ocr_line' id='line_1_28' title="bbox 413 3124 2327 3193; baseline 0.001 -16"><span class='ocrx_word' id='word_1_201' title='bbox 413 3128 676 3193; x_wconf 86' lang='lat' dir='ltr'>bagionum</span> <span class='ocrx_word' id='word_1_202' title='bbox 716 3124 935 3179; x_wconf 83' lang='lat' dir='ltr'>Eclesiae</span> <span class='ocrx_word' id='word_1_203' title='bbox 977 3125 1377 3176; x_wconf 86' lang='lat' dir='ltr'>exercituantium</span> <span class='ocrx_word' id='word_1_204' title='bbox 1418 3125 1747 3191; x_wconf 90' lang='lat' dir='ltr'>specialem</span> <span class='ocrx_word' id='word_1_205' title='bbox 1788 3125 2174 3188; x_wconf 86' lang='lat' dir='ltr'>constituebant,</span> <span class='ocrx_word' id='word_1_206' title='bbox 2216 3143 2327 3178; x_wconf 90' lang='lat' dir='ltr'>cum</span> 
     </span>
     <span class='ocr_line' id='line_1_29' title="bbox 411 3210 2326 3278; baseline 0 -16"><span class='ocrx_word' id='word_1_207' title='bbox 411 3211 891 3278; x_wconf 82' lang='lat' dir='ltr'>Jobbagionibus</span> <span class='ocrx_word' id='word_1_208' title='bbox 938 3210 1276 3276; x_wconf 90' lang='lat' dir='ltr'>equitibus,</span> <span class='ocrx_word' id='word_1_209' title='bbox 1325 3210 1806 3276; x_wconf 84' lang='lat' dir='ltr'>Jobbagionibus</span> <span class='ocrx_word' id='word_1_210' title='bbox 1857 3210 2326 3262; x_wconf 89' lang='lat' dir='ltr'>exercitualibus</span> 
     </span>
     <span class='ocr_line' id='line_1_30' title="bbox 411 3296 2324 3363; baseline -0.001 -15"><span class='ocrx_word' id='word_1_211' title='bbox 411 3299 784 3348; x_wconf 88' lang='lat' dir='ltr'>Eclesiarnm</span> <span class='ocrx_word' id='word_1_212' title='bbox 834 3296 1120 3347; x_wconf 83' lang='lat' dir='ltr'>confundas.</span> <span class='ocrx_word' id='word_1_213' title='bbox 1182 3297 1244 3346; x_wconf 93' lang='lat' dir='ltr'>Hi</span> <span class='ocrx_word' id='word_1_214' title='bbox 1288 3296 1498 3346; x_wconf 87' lang='lat' dir='ltr'>libertini</span> <span class='ocrx_word' id='word_1_215' title='bbox 1546 3304 1684 3347; x_wconf 89' lang='lat' dir='ltr'>erant</span> <span class='ocrx_word' id='word_1_216' title='bbox 1722 3296 1921 3363; x_wconf 87' lang='lat' dir='ltr'>majoris</span> <span class='ocrx_word' id='word_1_217' title='bbox 1963 3296 2222 3359; x_wconf 78' lang='lat' dir='ltr'>libertatiS,</span> <span class='ocrx_word' id='word_1_218' title='bbox 2276 3297 2324 3347; x_wconf 91' lang='lat' dir='ltr'>in</span> 
     </span>
     <span class='ocr_line' id='line_1_31' title="bbox 409 3381 2319 3447; baseline 0 -15"><span class='ocrx_word' id='word_1_219' title='bbox 409 3400 615 3447; x_wconf 81' lang='lat' dir='ltr'>quorum</span> <span class='ocrx_word' id='word_1_220' title='bbox 657 3383 987 3433; x_wconf 85' lang='lat' dir='ltr'>conditionem</span> <span class='ocrx_word' id='word_1_221' title='bbox 1019 3382 1229 3447; x_wconf 84' lang='lat' dir='ltr'>recepti,</span> <span class='ocrx_word' id='word_1_222' title='bbox 1274 3382 1517 3433; x_wconf 91' lang='lat' dir='ltr'>Nobiles</span> <span class='ocrx_word' id='word_1_223' title='bbox 1555 3398 1655 3432; x_wconf 92' lang='lat' dir='ltr'>non</span> <span class='ocrx_word' id='word_1_224' title='bbox 1698 3382 1984 3433; x_wconf 86' lang='lat' dir='ltr'>dicebantur</span> <span class='ocrx_word' id='word_1_225' title='bbox 2029 3382 2134 3445; x_wconf 89' lang='lat' dir='ltr'>(IX.</span> <span class='ocrx_word' id='word_1_226' title='bbox 2174 3397 2217 3432; x_wconf 75' lang='lat' dir='ltr'>v,</span> <span class='ocrx_word' id='word_1_227' title='bbox 2265 3381 2319 3432; x_wconf 90' lang='lat'>7.</span> 
     </span>
     <span class='ocr_line' id='line_1_32' title="bbox 412 3466 2323 3533; baseline 0 -18"><span class='ocrx_word' id='word_1_228' title='bbox 412 3485 460 3532; x_wconf 86' lang='lat' dir='ltr'>p.</span> <span class='ocrx_word' id='word_1_229' title='bbox 499 3468 641 3529; x_wconf 83' lang='lat'>701)</span> <span class='ocrx_word' id='word_1_230' title='bbox 680 3485 846 3518; x_wconf 78' lang='lat' dir='ltr'>verum</span> <span class='ocrx_word' id='word_1_231' title='bbox 887 3469 1113 3518; x_wconf 87' lang='lat' dir='ltr'>distincto</span> <span class='ocrx_word' id='word_1_232' title='bbox 1149 3467 1484 3518; x_wconf 88' lang='lat' dir='ltr'>Praelatorum</span> <span class='ocrx_word' id='word_1_233' title='bbox 1517 3468 1721 3533; x_wconf 85' lang='lat' dir='ltr'>egebant</span> <span class='ocrx_word' id='word_1_234' title='bbox 1751 3469 2022 3533; x_wconf 82' lang='lat' dir='ltr'>privilegio.</span> <span class='ocrx_word' id='word_1_235' title='bbox 2065 3474 2118 3515; x_wconf 87' lang='lat' dir='ltr'>ut</span> <span class='ocrx_word' id='word_1_236' title='bbox 2149 3467 2195 3516; x_wconf 90' lang='lat' dir='ltr'>in</span> <span class='ocrx_word' id='word_1_237' title='bbox 2229 3466 2323 3516; x_wconf 84' lang='lat' dir='ltr'>ho-</span> 
     </span>
     <span class='ocr_line' id='line_1_33' title="bbox 413 3550 1679 3618; baseline 0.002 -18"><span class='ocrx_word' id='word_1_238' title='bbox 413 3569 517 3602; x_wconf 89' lang='lat' dir='ltr'>rum</span> <span class='ocrx_word' id='word_1_239' title='bbox 551 3554 896 3617; x_wconf 82' lang='lat' dir='ltr'>adoptarentur</span> <span class='ocrx_word' id='word_1_240' title='bbox 929 3554 1160 3604; x_wconf 86' lang='lat' dir='ltr'>Ordinem</span> <span class='ocrx_word' id='word_1_241' title='bbox 1194 3554 1298 3616; x_wconf 89' lang='lat' dir='ltr'>(IX.</span> <span class='ocrx_word' id='word_1_242' title='bbox 1337 3554 1389 3604; x_wconf 87' lang='lat'>7.</span> <span class='ocrx_word' id='word_1_243' title='bbox 1431 3570 1480 3618; x_wconf 91' lang='lat' dir='ltr'>p.</span> <span class='ocrx_word' id='word_1_244' title='bbox 1519 3550 1679 3614; x_wconf 87' lang='lat'>708).</span> 
     </span>
    </p>
   </div>
  </div>
 </body>
</html>
