2384 3886
1899 216 2020 278 271

105 354 175 418 ad
220 378 427 418 sacros
457 354 694 419 ordines
735 351 1018 429 accedere
1050 355 1499 440 permittantur,
1570 353 1724 442 apud
1772 359 2022 443 Hunga-

59 462 62 466 ’
103 447 221 504 ros'
243 465 358 504 usu
394 440 691 504 constanti
724 437 930 525 viguit.
976 440 1055 500 Et
1092 461 1200 523 pro
1235 439 1347 502 hac
1384 439 1717 504 conditione
1757 465 1868 505 sua
1907 443 2025 508 Ud-

104 526 380 604 varnoki,
427 525 498 589 de
532 525 711 589 terris
753 524 880 586 suis
926 521 1274 609 disponendi
1311 525 1648 590 facultatem
1686 528 2026 614 neutiquam

104 611 454 676 habuerunt.
533 611 681 674 Bela
727 613 838 672 [V.
883 607 1071 694 igitur
1110 608 1327 684 literis,
1375 611 1592 695 quibus
1623 635 1732 699 per
1772 614 2025 693 nobileS‚

14 694 19 699 ⁴
105 697 524 784 possessiones
565 719 707 757 suas
736 694 987 758 eclesiae
1040 693 1447 779 Strigoniensi
1499 697 1691 782 legari
1750 699 2026 776 admittit,

105 785 328 848 diserte
368 780 593 868 adjicit:
648 780 855 857 „salvo
897 803 964 843 eo
1010 779 1166 866 quod
1201 777 1523 843 Udvarnici
1567 795 1626 845 et
1665 782 2028 849 Thavernici

31 875 35 880 ’
107 892 177 932 ac
211 868 392 931 ceteri
426 865 712 928 servilis
749 864 1180 928 conditionis
1235 863 1504 928 homines
1540 867 1746 952 regiae
1773 883 1833 933 et
1863 872 2029 957 regi-

12 1015 23 1019 -
104 954 225 1016 nali
253 955 560 1039 Majestati
601 951 1013 1038 subjacentes,
1074 963 1132 1014 et
1166 950 1239 1014 ad
1276 963 1442 1014 certa
1482 952 1730 1015 servitia
1764 955 2029 1041 deputati

103 1038 483 1103 haec-facere
524 1061 641 1100 non
676 1037 934 1125 possint,
981 1035 1100 1099 nisi
1135 1059 1316 1124 super
1349 1059 1448 1114 eo,
1493 1060 1602 1124 per
1641 1062 2028 1105 successores

8 1140 11 1144 '
104 1125 292 1211 Regis
343 1123 651 1210 requisitio
705 1135 765 1186 et
818 1121 1210 1211 privilegialis
1261 1123 1572 1188 concessio
1627 1125 1905 1212 specialis
1956 1127 2027 1191 de

103 1234 255 1274 novo
297 1209 646 1272 habeatur.“

107 1398 312 1448 rendum
353 1412 547 1462 quoque
587 1403 696 1456 est,
759 1402 815 1446 ut
851 1395 996 1446 fuerit
1033 1395 1256 1461 bigamus
1280 1433 1293 1457 ‚
1349 1403 1432 1446 aut
1468 1411 1530 1447 ne
1572 1396 1813 1448 obnoxius
1854 1398 2028 1449 Curiae

110 1483 430 1549 compellatur
447 1489 562 1547 post
581 1497 775 1531 sacrum
796 1481 1017 1531 ordinem
1037 1482 1097 1531 ad
1116 1481 1359 1531 actionem
1376 1481 1622 1546 publicam
1643 1483 1863 1533 redire.“
1894 1485 2028 1535 Adde

109 1570 261 1619 Leon.
295 1569 377 1618 IX.
410 1569 469 1617 ad
489 1584 533 1617 a.
577 1563 733 1617 1053
771 1583 902 1628 „nos
932 1567 1090 1632 ipsam
1124 1574 1256 1617 tuam
1286 1567 1648 1632 promotionem
1689 1569 1849 1618 taliter
1879 1585 2030 1635 apro-

107 1655 250 1715 bare‚
298 1654 339 1703 si
379 1669 478 1703 non
518 1654 645 1702 hanc
684 1652 948 1718 neophitus
989 1659 1072 1702 aut
1114 1652 1335 1714 curialiS‚
1385 1668 1472 1703 seu
1501 1653 1754 1718 bigamuS‚
1811 1655 2030 1705 obtinui—

109 1741 231 1790 sti.“
291 1739 473 1788 Confer
513 1754 623 1788 cum
656 1738 733 1788 his
770 1738 920 1788 Andr.
962 1738 1023 1787 ΙΙ.
1072 1738 1332 1788 Decretum
1369 1739 1429 1787 de-
1454 1738 1675 1788 libertate
1713 1740 2028 1791 Eclesiastica

41 1832 44 1834 ’
108 1843 152 1875 a.
201 1823 360 1875 1222
396 1824 566 1885 „istud
596 1830 761 1874 tamen
792 1824 1079 1874 auctoritate
1110 1823 1242 1888 regia
1273 1825 1479 1873 firmiter
1507 1825 1856 1890 praecipuum,
1907 1843 2031 1892 qua-

111 1919 252 1961 tenus
283 1910 447 1960 nullus
478 1916 763 1959 nostrorum
795 1909 1179 1959 Udvarnicorum
1212 1925 1300 1958 scu
1333 1909 1642 1971 Civilinm,
1691 1927 1778 1960 seu
1817 1911 2032 1977 cujus-

108 2011 356 2061 cumque
417 1995 659 2044 servitutis
692 1994 812 2059 jugo
853 1994 1161 2045 subditorum
1186 2033 1199 2056 ‚
1255 1994 1314 2044 ad
1355 2000 1609 2046 tonsuram
1649 1996 1922 2047 clericalem
1971 1997 2030 2047 ab

108 2082 268 2147 aliquo
299 2080 630 2131 Praelatorum
661 2080 1005 2131 admittatur.“

976 2277 1018 2354 g
1061 2279 1160 2336 sa.

665 2428 971 2495 Regalium
1009 2436 1065 2480 et
1102 2428 1474 2494 Reginalium

281 2576 629 2643 Udvarnoki
680 2601 920 2655 omneS,
975 2601 1084 2642 seu
1121 2577 1463 2641 domesticis
1510 2577 1681 2663 aulae
1729 2577 2031 2667 obsequiis

112 2664 424 2750 mancipati
460 2663 679 2748 fuerint
710 2661 1086 2746 (Udvarnoki
1117 2686 1225 2750 per
1262 2663 1697 2744 eminentiam),
1757 2689 1865 2728 seu
1898 2690 2031 2755 pro—

114 2750 206 2811 cul
250 2750 410 2827 aula,
467 2748 540 2812 ad
582 2751 712 2835 ejus
751 2760 947 2812 tamen
979 2749 1244 2812 rationes
1276 2770 1514 2834 operam
1559 2773 1726 2813 suam
1758 2750 1819 2814 in
1861 2775 2032 2816 exco-

113 2834 304 2898 lendis
349 2835 533 2906 variis
583 2832 916 2897 reddituum
958 2834 1171 2898 aerarii
1213 2833 1395 2896 ramis
1431 2837 1807 2901 exercuerint
1841 2836 2031 2919 (Tha-

112 2919 334 2984 vernici
377 2932 436 2983 et
479 2920 811 3006 generatim
866 2918 1102 2984 servilis
1157 2920 1508 2984 conditionis
1553 2921 1821 2986 homines
1864 2924 2032 3004 dicti)

19 3065 22 3069 .
58 3064 63 3070 .
115 3003 412 3069 dimidium
439 3005 841 3069 tantummodo
865 3006 1147 3069 collectae
1175 3018 1276 3069 aut
1314 3006 1550 3083 tributi,
1598 3007 1752 3094 quod
1777 3032 1885 3096 per
1913 3011 2035 3097 ple-

114 3090 262 3154 beae
312 3089 664 3154 conditionis
713 3090 984 3155 homines
1033 3091 1182 3155 alios
1233 3093 1654 3179 praestandum
1710 3108 1865 3172 erat,
1917 3096 2034 3159 sol-

116 3200 255 3240 vere
295 3175 668 3239 tenebantur.
713 3183 758 3256 ¹)
819 3180 1077 3243 Parsum
1132 3176 1207 3240 iis
1261 3177 1373 3241 hac
1420 3192 1590 3266 parte
1634 3193 1758 3258 est,
1827 3193 1894 3242 ut
1942 3204 2034 3245 ce-

255 3363 297 3424 l)
341 3362 457 3411 Vide
497 3361 546 3410 in
586 3361 656 3411 lit.
698 3361 910 3412 Emerici
951 3363 1096 3428 Regis
1129 3363 1188 3412 de
1219 3379 1262 3414 a.
1302 3360 1480 3414 1198.
1524 3364 1681 3429 Capit.
1717 3364 1863 3431 Strig.
1898 3365 2034 3417 datas

121 3447 200 3509 (C.
227 3447 284 3496 D.
319 3447 416 3496 VII.
450 3446 544 3496 vol.
572 3444 624 3495 5.
659 3463 710 3512 p.
738 3441 906 3515 145.)
948 3448 1068 3498 Item
1102 3448 1161 3498 de
1193 3449 1410 3515 quolibet
1440 3465 1587 3499 curru
1617 3450 1850 3501 frumenti
1880 3467 2033 3502 unum

121 3533 314 3596 pondus
357 3533 522 3596 datur3
567 3532 783 3598 exceptis
822 3533 1016 3584 servis
1047 3534 1219 3601 RegiS‚
1268 3534 1901 3601 qui'dimidium'tributum
1934 3539 2033 3590 sol-
