2384 3886
425 182 546 238 182

420 318 762 406 episcopum
810 315 1290 400 strigoniensem
1331 314 1458 378 suit.
1493 323 1539 395 1)
1606 318 1670 376 ls
1707 315 2214 407 Archiepiscopus
2261 310 2354 383 ad‘

418 406 610 466 Aram
639 401 829 464 sacris
865 413 1219 487 operaturus
1248 406 1299 479 2)
1336 422 1406 472 se
1437 398 1511 463 ad
1539 401 1820 488 populum
1856 402 2064 481 vertit,
2109 417 2171 468 et
2212 404 2335 468 dia-

419 488 589 552 dema
614 487 821 572 regale
857 508 1037 548 manu
1069 485 1357 563 tenendo,
1403 486 1561 550 sacta
1592 487 1667 550 ad
1694 486 1854 551 hunc
1889 501 1949 552 et
1982 501 2078 553 ter
2099 489 2334 569 iterata,

418 573 694 637 idiomate
730 572 957 661 patrio,
987 572 1486 657 interrogatione:
1528 596 1601 634 an
1633 595 1800 650 eum,
1828 573 1926 660 qui
1961 576 2335 639 coronandus

417 658 705 736 adstaret,
738 662 968 744 Regem
993 657 1321 746 juberent?
1365 669 1681 746 postquam
1711 661 2125 738 acclamatum,
2169 684 2335 725 coro-

416 744 763 830 nandusque
813 743 1010 832 posita
1066 743 1138 806 ad
1188 743 1503 828 Evangelii
1561 744 1775 807 librum
1826 769 2005 809 manu
2061 759 2334 833 utraque,
2379 775 2382 778 ·

414 833 832 894 Juramentum
858 830 928 893 de
948 828 1187 918 justitia
1213 841 1272 891 et
1305 851 1449 915 pace
1481 829 1753 894 Eclesiae
1790 831 2161 896 observanda
2188 857 2336 895 nun-

415 928 730 1004 cupasset,
800 914 1049 979 eundem
1104 915 1232 978 oleo
1300 912 1875 979 catechumenorum
1927 919 2111 982 unxit.
2186 917 2336 981 Mis-

416 1025 543 1064 sam
596 999 804 1065 deinde
847 1014 1056 1078 orsuS,
1110 1011 1248 1086 post
1295 998 1605 1088 epistolam
1639 1000 1881 1081 lectam,
1939 1003 2336 1068 coronandum

413 1087 614 1173 gladio
660 1085 1016 1174 praecinxit;
1077 1107 1147 1148 ac
1179 1082 1417 1148 tandem
1466 1085 1894 1151 assistentibus
1943 1089 2058 1152 sibi
2103 1089 2334 1154 duobus

412 1173 730 1261 Episcopis
777 1170 955 1259 capiti
995 1171 1156 1234 illius
1195 1173 1493 1234 Coronam
1525 1178 1576 1251 3)
1627 1171 1784 1236 inter
1813 1174 2000 1238 verba
2029 1166 2334 1262 imposuit:

411 1258 642 1345 Accipe
688 1280 998 1334 coronam,
1055 1279 1230 1344 quam
1272 1257 1610 1320 sanctitatis
1658 1259 1911 1345 gloriam
1947 1273 2007 1325 et
2048 1259 2336 1326 honorem

413 1356 475 1408 et
520 1367 671 1431 opus
719 1343 1083 1407 fortitudinis
1126 1343 1439 1429 intelligas
1495 1343 1772 1430 signare,
1831 1358 1893 1410 et
1933 1369 2043 1434 per
2084 1346 2238 1410 hanc
2273 1360 2335 1411 te

411 1429 801 1518 principem
838 1429 1215 1493 ministerii
1259 1429 1489 1492 nostri
1532 1453 1652 1494 non
1677 1429 1954 1517 ignores,
1999 1432 2109 1510 ita,
2155 1446 2222 1497 ut
2254 1433 2334 1496 si-

410 1528 513 1579 cut
561 1540 673 1580 nos
717 1516 778 1578 in
829 1515 1215 1579 interioribus
1265 1527 1543 1602 pastores
1582 1529 1968 1604 rectoresque
2009 1519 2335 1582 animarum

409 1601 830 1688 intelligimur,
888 1602 973 1664 ita
1018 1613 1078 1665 et
1119 1614 1186 1664 tu
1222 1601 1285 1663 in
1317 1601 1715 1664 exterioribus
1750 1626 1930 1666 verus
1968 1604 2085 1667 Dei
2121 1605 2332 1683 cultor,

411 1701 815 1775 strenuusque
848 1700 1055 1751 contra
1080 1711 1284 1751 omnes
1308 1686 1687 1751 adversarios
1727 1689 2034 1753 eclesiae
2065 1690 2334 1754 Christi

408 1774 739 1838 defensor
759 1780 812 1854 4)
847 1776 1123 1850 assistas,
1151 1773 1444 1872 regnique
1465 1772 1578 1836 -tihi
1600 1797 1635 1836 a
1652 1776 1785 1838 Deo
1813 1774 1952 1853 dati,
1990 1788 2050 1839 et
2074 1799 2182 1862 per
2208 1776 2333 1840 offi-

409 1861 564 1923 cium
584 1873 828 1923 nostrae
852 1858 1302 1936 henedictioms,
1331 1860 1458 1922 vice
1474 1860 1925 1946 Apostolorum,
1961 1862 2332 1948 omniumque

407 1959 751 2009 sanctorum
785 1945 1088 2032 sufragio,
1144 1958 1248 2009 tuo
1295 1944 1574 2031 regimini
1611 1945 1911 2022 commissi
1937 1947 2098 2011 utilis
2120 1971 2331 2012 execu-

544 2135 588 2195 1)
633 2132 809 2183 Seculo
841 2132 947 2185 XII.
984 2133 1370 2184 controversiam
1401 2133 1446 2183 ei
1477 2132 1766 2183 Colocensis
1796 2133 1937 2200 fecit,
1977 2148 2124 2198 quam
2155 2133 2331 2183 deinde

406 2219 722 2270 Innocentius
769 2219 855 2270 111.
915 2220 1188 2269 secundum
1245 2218 1634 2284 Strigoniensem
1689 2219 1870 2269 decidit
1929 2219 2330 2281 „considerando

407 2305 574 2366 etiam,
606 2304 758 2370 quod,
794 2305 834 2355 si
864 2311 1084 2370 potestas
1116 2305 1385 2355 coronandi
1415 2305 1575 2370 Reges
1601 2305 1897 2370 Hungariae‚
1929 2319 2084 2370 penes
2114 2304 2330 2355 diversas
2363 2362 2365 2365 v

369 2393 374 2397 '
406 2391 625 2443 Eclesias
671 2391 936 2450 resideret,
986 2390 1078 2441 toti
1117 2407 1269 2456 regno
1308 2406 1449 2456 grave
1496 2391 1796 2456 periculum,
1852 2397 1902 2440 et
1938 2390 2120 2456 grande
2157 2396 2332 2456 posset

405 2476 716 2542 dispendium
755 2492 1015 2541 generare,
1071 2492 1185 2527 cum
1221 2478 1570 2542 frequenter
1615 2477 1776 2527 inter
1823 2476 2042 2542 Regum
2087 2475 2331 2542 Hunga-

403 2564 525 2614 riae
562 2563 956 2623 cohaeredeS,
1007 2578 1158 2628 super
1194 2562 1457 2615 obtinenda
1494 2562 1634 2628 regni
1675 2577 1884 2623 corona,
1937 2562 2224 2614 scandalum
2266 2562 2331 2614 sit

405 2653 690 2700 exortum.“

540 2737 587 2796 2)
634 2733 831 2785 Tubero
878 2734 1049 2785 tradit:
1100 2750 1158 2784 ex
1202 2734 1535 2785 vetustissimo
1574 2733 1798 2784 instituto
1839 2733 2087 2784 Abbatem
2114 2748 2156 2783 s.
2196 2733 2330 2784 Mar-

402 2819 491 2870 tini
537 2835 626 2884 pro
673 2819 917 2880 Diacon0,
972 2820 1235 2871 Albensem
1279 2819 1621 2885 Praepositum
1667 2835 1758 2886 pro
1805 2819 2155 2885 Hypodiacono
2211 2819 2327 2870 huic

401 2905 666 2958 adstitisse.

535 2991 583 3052 3)
628 2990 699 3041 De
737 3005 833 3055 qua
871 2989 1014 3040 nobis
1052 3005 1217 3039 sermo
1256 2989 1369 3052 fuit;
1419 2996 1615 3055 praeter
1650 2990 1778 3040 hanc
1818 2989 1946 3040 enim
1987 2989 2037 3039 in
2071 2989 2323 3056 Gazophil.
2375 3047 2384 3054 ⁴

401 3078 590 3143 Regum
623 3076 846 3126 Coronas
877 3081 924 3124 et
955 3082 1148 3140 sceptra
1178 3075 1345 3140 plura,
1387 3075 1446 3125 ab
1477 3075 1831 3141 antiquissimis
1862 3075 2169 3142 temporibus
2200 3091 2327 3126 con-

404 3169 591 3213 servata
620 3161 772 3212 fuisse
803 3177 861 3210 ex
878 3161 1113 3212 Australis
1144 3161 1386 3211 Historiae
1417 3169 1556 3226 parte
1586 3161 1795 3227 pleniori
1826 3162 1962 3213 ad-a.
1990 3159 2168 3212 1275.
2203 3162 2326 3225 (La-
2363 3198 2367 3203 -

401 3249 539 3299 dislai
577 3249 653 3298 IV.
704 3247 850 3312 Regis
899 3250 1146 3312 tempora)
1195 3247 1325 3312 apud
1371 3248 1574 3299 Freher.
1617 3248 1788 3315 script.
1833 3259 2128 3313 rer.jgerm.
2170 3247 2228 3298 T.
2267 3244 2321 3299 1.

400 3351 449 3400 p.
483 3329 599 3386 471
645 3333 826 3383 videas.
2236 3374 2240 3378 ,

531 3422 580 3481 4)
625 3416 945 3469 Defensorem
978 3418 1357 3469 Christianitatis
1389 3435 1442 3469 se
1474 3419 1522 3470 d.
1554 3419 1727 3485 Steph.
1763 3419 2022 3485 apellatsl‘.
2049 3405 2124 3469 ΙΙ.ι
2145 3435 2189 3468 0.
2222 3415 2315 3468 12.

401 3505 525 3554 idem
559 3512 694 3554 notat
725 3505 865 3553 Ferd.
900 3505 938 3555 Ι.
991 3505 1133 3554 Decr.
1175 3502 1268 3554 19.
1319 3512 1409 3555 art.
1446 3500 1543 3554 ltl.
1936 3502 1943 3507 “
2339 3526 2342 3531 ·
