2384 3886
0 220 26 269 ῑ
1851 202 1975 259 223

73 345 297 493 ssrimus
351 343 424 406 ad
475 344 874 429 Magistratus
930 338 1078 416 hos,
1140 354 1433 438 quantum·
1483 341 1711 428 quidem
1762 342 1971 417 sciam,

129 429 222 493 ela
264 432 374 492 IV.
432 429 712 504 dederat,
765 425 1014 490 Comiti
1073 438 1139 487 et
1172 427 1693 512 Jobaglonibus
1755 427 1972 491 castri

38 511 492 579 l'inscrihuntur.
521 521 572 592 2)
606 511 894 597 Abiitque
935 509 1186 573 formula
1224 510 1372 573 haec
1404 511 1460 573 in
1495 512 1975 576 consuetudinem

0 525 22 569 ἵ,

0 568 16 662 3
73 623 191 663 non
238 612 381 662 ante
414 599 673 661 seculum
719 608 988 682 quartum
1038 593 1322 657 decimum
1372 595 1636 659 desitam.
1670 604 1720 677 3)
1776 598 1975 661 Medio

11 687 37 756 'a
71 698 336 775 tempore
372 707 582 748 nomen
614 682 766 744 idem
795 680 1169 744 Primoribus
1205 680 1379 743 etiam
1410 680 1670 743 vicorum
1691 690 1744 763 4)
1772 695 1831 745 et
1855 706 1974 745 mu-

72 769 415 868 nicipiorum
451 767 770 832 atributum
800 765 1072 852 legimus..
1124 769 1204 828 Et
1229 765 1541 852 appellatio
1575 768 1807 864 quidem
1830 769 1975 832 Joh-

18 880 41 945 ,ᾗ
73 855 391 942 hagionum
425 852 579 941 apud
613 855 938 938 Hungaros
971 863 1204 915 veteres
1236 862 1357 913 tam
1391 850 1510 914 late
1537 864 1743 938 patuit.

0 958 21 1010 ’ἕᾲ

0 1061 24 1126 ἒ.
71 1069 269 1135 Egeben
300 1052 523 1134 Principe
553 1068 812 1128 exercituS,
837 1068 972 1118 Isaac
996 1067 1312 1129 Centurione‚
1339 1067 1468 1117 Beda
1488 1066 1720 1133 Hadnagy
1738 1072 1813 1131 (n.
1831 1063 1977 1130 254)

0 1143 24 1188 ‘i'
72 1155 480 1220 Magistratum
503 1153 693 1209 ,castri
723 1160 876 1203 notat.
917 1153 1059 1212 Quod
1090 1153 1275 1202 Tomka
1305 1153 1570 1218 Szaszkyus
1601 1153 1659 1202 ad
1687 1167 1825 1204 num.
1861 1152 1976 1204 110

3 1286 6 1288 ,
72 1247 334 1304 notamque
363 1239 478 1288 huic
509 1239 599 1288 sub
626 1241 675 1300 e)
700 1238 936 1304 adjectam
959 1254 1059 1287 non
1084 1238 1200 1287 satis
1223 1238 1338 1288 vidit
1362 1239 1515 1300 clare3
1549 1238 1662 1288 licet
1684 1255 1772 1288 vox
1793 1238 1980 1289 Jobba-

18 1323 19 1327 ’
74 1326 171 1391 gio,
204 1325 476 1389 significatu
504 1324 894 1389 Magistratus
918 1323 1019 1389 jam
1050 1323 1109 1372 ad
1133 1339 1251 1387 num
1279 1318 1356 1372 42
1387 1330 1612 1373 occurrat
1647 1324 1993 1389 „Jobagiones

75 1411 135 1461 de
163 1409 348 1460 Bekves
379 1409 635 1475 conquesti
666 1415 782 1459 sunt
810 1409 1018 1458 Domino
1048 1408 1167 1474 Regi
1184 1407 1373 1458 Andrae
1404 1425 1552 1474 super
1583 1408 1677 1458 Sab
1709 1418 1758 1459 et
1787 1410 1982 1476 Sycund

74 1496 308 1556 dicenteS,
344 1494 703 1561 quodinjusti
731 1494 1060 1559 Jobbagiones
1084 1501 1314 1554 essent,
1347 1500 1404 1543 et
1434 1494 1862 1558 dilapidatores
1892 1512 1983 1546 re—

76 1597 202 1631 rum
263 1580 472 1646 populi
517 1587 573 1630 et
626 1580 1136 1645 depauperatores
1193 1578 1451 1628 omnium
1502 1579 1980 1631 Castrensium.“

77 1666 257 1716 Confer
286 1666 430 1715 etiam
461 1666 531 1715 lit.
580 1665 636 1715 C.
669 1665 727 1715 D.
761 1665 837 1714 IV.
890 1662 941 1714 1.
975 1681 1025 1729 p.
1064 1658 1201 1715 141).

206 1769 254 1829 2)
297 1766 369 1816 Ita
410 1782 453 1815 a.
492 1759 651 1815 1248
684 1765 783 1828 (IV.
820 1763 875 1815 2.
908 1781 959 1830 p.
997 1759 1120 1833 14).
1171 1764 1481 1829 Quapropter
1509 1764 1838 1830 praecipimus
1867 1766 1982 1815 uni—

11 1854 44 1901 ,’
76 1852 226 1902 versis
255 1851 594 1912 Judicibus,
627 1866 684 1900 ac
714 1850 988 1915 specialiter
1018 1849 1241 1900 Comiti
1273 1850 1343 1899 de
1373 1849 1644 1915 Neugrad
1673 1866 1740 1900 ac
1769 1850 1984 1901 Jobba-

75 1936 366 2003 gionibus
406 1935 670 2002 ejusdem
711 1936 916 1985 castri.
964 1961 970 1965 ·

24 1840 31 1851 ..
9 1728 44 1760 aa
10 1655 46 1715 *ef

208 2031 260 2106 3)
304 2036 436 2101 Rege
474 2035 647 2086 Carolo
695 2028 937 2097 Roberto,
987 2035 1065 2086 cui
1118 2035 1324 2086 formula
1375 2035 1497 2085 haee
1548 2035 1844 2100 aliquamdiu
1891 2036 1984 2102 ipsi

18 2146 33 2173 ς
75 2121 219 2172 etiam
248 2121 423 2171 usitata
451 2121 565 2183 fuit3
599 2131 643 2170 e.
678 2138 722 2172 c.
755 2122 804 2171 in
834 2121 987 2172 literis
1019 2121 1078 2170 de
1109 2137 1154 2171 a.
1193 2117 1350 2171 1339
1383 2121 1530 2184 (VIII.
1563 2137 1606 2170 v.
1643 2118 1698 2170 2.
1739 2137 1790 2187 p.
1836 2115 1984 2183 425)

7 2211 34 2223 ”
77 2206 422 2268 „mandamuS‚
456 2213 697 2272 quatenus
727 2223 824 2258 una
854 2223 967 2257 cum
995 2206 1477 2272 Jobbagionibus
1517 2205 1703 2256 castri
1744 2207 1985 2257 accedatis

79 2293 139 2342 ad
167 2292 340 2342 faciem
369 2296 586 2342 terrae.“

206 2391 259 2461 4)
303 2393 359 2442 ln
396 2392 467 2442 lit.
508 2391 824 2442 Bissenorum
865 2393 925 2442 de
965 2390 1115 2458 Arpas
1156 2392 1383 2457 superius
1416 2391 1574 2441 citatis
1621 2391 1819 2456 „questi
1850 2399 1981 2451 sunt,

0 2462 3 2534 ἶ
78 2478 210 2543 quod
239 2493 410 2527 eorum
439 2476 633 2527 libertas
656 2493 745 2543 per
768 2478 970 2539 Lucam,
998 2493 1166 2527 eorum
1190 2477 1430 2527 Comitem
1448 2492 1538 2542 per
1556 2492 1648 2526 nos
1667 2476 1985 2539 (Palatinum)

0 2548 6 2595 ἶ
81 2563 426 2623 constitutum,
473 2562 645 2612 fuisset
684 2562 944 2625 diminuta;
986 2563 1144 2612 Lucas
1185 2563 1463 2628 respondit,
1504 2562 1634 2627 quod
1675 2561 1795 2611 nihil
1836 2577 1893 2611 ex
1932 2577 1985 2611 se

75 2648 190 2714 'ipso
241 2648 464 2708 fecisset,
511 2649 597 2698 sed
647 2647 697 2697 in
739 2648 899 2709 omni,
940 2647 1076 2713 juxta
1117 2648 1248 2712 quod
1288 2647 1434 2696 Mike
1470 2634 1711 2712 job'agio
1757 2662 1983 2707 eorum,

6 2769 11 2774 .
77 2733 164 2799 ‘qui
203 2749 316 2783 eum
355 2732 597 2798 praeibat,
641 2732 691 2782 in
731 2732 904 2782 debitis
936 2732 1211 2798 exigendiS,
1256 2731 1382 2782 etin
1413 2732 1517 2782 aliis
1548 2731 1883 2793 instruxisset,
1928 2748 1985 2783 eo

6 2809 9 2861 Ῐ
84 2819 230 2869 modo
261 2818 602 2884 processisset.
660 2818 811 2876 Quam
845 2819 906 2868 ob
938 2818 1202 2868 remidem
1233 2818 1388 2877 Mike,
1433 2823 1681 2882 tamquam
1712 2818 1990 2868 destructor

10 2894 12 2945 j
80 2903 316 2954 libertatis
346 2904 436 2954 fuit
458 2903 722 2969 judicatuS,
754 2903 836 2965 ita,
872 2904 1002 2969 quod
1033 2919 1124 2953 nec
1155 2903 1285 2968 ipse,
1321 2918 1413 2952 nec
1443 2903 1615 2967 aliquis
1646 2918 1989 2953 successorum

82 2989 365 3040 honorem
390 2987 768 3054 jobagionum
800 2991 994 3058 possit
1024 2988 1244 3054 adipisci.
1291 2988 1416 3038 Dicti
1444 3003 1557 3039 vero
1589 2988 1780 3038 Bisseni
1809 2988 1991 3038 timen—

11 3062 14 3067 ’
50 3067 176 3134 ἰθε,
208 3089 279 3123 ne
308 3073 365 3122 in
394 3080 701 3138 posterum
730 3074 1094 3140 Jobagiones
1124 3074 1212 3123 vel
1242 3073 1502 3124 Comites
1532 3089 1755 3133 eorum,
1784 3072 1991 3122 libertati

33 3191 38 3195 -
85 3174 255 3210 eorum
293 3159 452 3208 denuo
492 3159 917 3209 contradicerent“
961 3167 1054 3210 cet.
1112 3159 1247 3209 Idem
1289 3165 1430 3209 sonat
1469 3158 1585 3208 illud
1625 3157 1675 3207 in
1716 3158 1786 3206 lit.
1832 3157 1982 3208 Mich.

60 3228 308 3295 'Pincerm
343 3244 401 3292 R.
434 3243 559 3308 Mag.
599 3244 658 3292 de
696 3260 740 3293 a.
779 3240 935 3294 1253
982 3244 1285 3305 „universi
1323 3243 1615 3308 Jobagiones
1644 3242 1989 3292 buchariorum

20 3370 22 3372 ,
88 3327 281 3378 Domini
323 3327 536 3393 Regis“
582 3327 736 3378 idem:
785 3327 1041 3380 duodecim
1083 3327 1544 3385 dermelioribus
1583 3326 1720 3376 villae
1760 3326 1989 3378 Zombat-

90 3412 198 3483 bely
228 3415 303 3464 lv.
342 3411 394 3463 1.
427 3430 477 3479 p.
519 3409 654 3463 132.
