2384 3886
1978 181 2055 235 19

127 321 290 390 ueris
339 323 630 412 impertiri
674 318 941 385 Mathiae
995 318 1406 381 cunctabatur.
1493 316 1833 404 Capitulum
1853 313 2056 402 itaque

127 410 356 474 socium
411 424 586 470 suum
631 402 1217 487 unaPraepositum
1283 401 1355 465 de
1407 402 1608 489 Scipis
1657 400 1950 463 Mathiam
2002 407 2055 479 2)

127 494 199 557 de
234 517 460 579 genere
497 486 850 563 Hermanni‚
889 508 1024 547 cum
1058 486 1190 548 aliis
1224 485 1298 548 ad
1334 487 1690 550 Pontificem
1732 483 2054 569 delegavit,

126 579 228 664 qui
274 577 618 663 scrupulum
649 575 780 657 ejus
815 570 1270 644 submoverent3
1316 572 1466 633 Bela
1510 575 1622 634 lV.
1669 593 1813 633 vero
1847 570 2056 632 literas

30 721 35 725 .
128 662 203 724 ad
254 684 386 725 eum
438 657 595 721 dedit
635 657 695 717 in
739 654 894 721 hanc
933 654 1290 717 sententiam
1324 654 1523 740 „quod
1558 656 1778 717 dictum
1812 653 2059 740 Episco—

124 769 265 833 pum
309 742 714 806 fidelissimum
769 738 1092 815 invenerit,
1152 752 1212 801 et
1267 739 1327 800 in
1377 738 1535 802 omni
1589 739 1834 823 negotio
1888 737 2061 800 valde

128 830 623 913 circumspectum
668 836 729 887 et
764 823 1183 899 discretum,
1231 835 1291 885 et
1329 836 1645 910 praeterea
1682 846 1814 884 cum
1858 822 2063 884 multis

123 912 296 975 annis
335 909 748 973 Cancellarius
791 931 940 969 suus
980 907 1186 984 suerit,
1234 908 1387 969 sciat
1423 907 1675 970 eundem
1721 930 1859 969 esse
1901 907 2059 969 vitae

122 995 376 1059 mundae
442 1007 503 1057 et
557 993 907 1056 honestae.“
973 998 1024 1071 3)
1117 991 1220 1054 Ad
1276 1015 1428 1078 quae
1472 990 1713 1055 tandem
1779 992 2062 1053 Pontifex

123 1100 277 1143 anno
325 1087 492 1142 1239
535 1075 878 1164 respondit:
925 1077 1150 1152 „Belae
1194 1076 1549 1139 Hunffariae
1600 1089 1661 1139 et
1713 1076 2062 1138 Colomanni

122 1169 361 1250 Regum
418 1162 740 1225 illustrium
799 1173 858 1223 et
916 1126 1649 1246 aliorum-fidedignorum
1722 1160 2064 1223 testimonia

123 1250 196 1312 de
231 1249 356 1311 vita
391 1260 452 1311 et
497 1245 952 1310 conversatione
994 1244 1279 1323 honesta,
1326 1246 1729 1308 literatura
1781 1258 1850 1308 et
1948 1268 2061 1306 ra-

123 1334 351 1396 vitate
404 1355 635 1395 morum
691 1328 942 1393 eundem
996 1330 1362 1415 Episcopum
1413 1330 1568 1415 apud
1618 1353 1684 1392 se
1726 1269 2063 1392 reddidisse

118 1441 298 1504 ,quam
336 1416 654 1504 plurimum
696 1411 1225 1477 commendatum.“
1297 1416 1465 1490 Quae
1520 1413 1755 1499 quidem
1799 1415 1933 1475 laus
1984 1413 2063 1475 li-

121 1502 337 1566 terati
396 1525 543 1572 aevo
603 1500 704 1562 illo
748 1496 1060 1560 admodum
1119 1521 1294 1575 rara,
1358 1498 1737 1585 postmodum
1797 1498 2064 1582 Rogerio

123 1586 372 1649 alterius
427 1585 498 1647 de
546 1607 665 1647 sec.
705 1585 881 1646 XllI.
934 1583 1239 1668 opusculi,
1288 1582 1446 1669 quod
1492 1581 1563 1644 de
1605 1582 1771 1646 clade
1811 1582 2066 1645 tatarica

124 1674 381 1735 Carmen
403 1667 744 1732 miserabile
767 1667 1122 1753 inscriptum
1156 1680 1278 1743 est,
1340 1667 1573 1731 auctori
1626 1692 1735 1755 per
1770 1670 2062 1731 Innocen-

121 1757 271 1820 tium
295 1758 407 1818 IV.
435 1753 735 1817 tribuitur.
781 1751 1040 1813 Pallium
1075 1752 1371 1815 Matthiae
1403 1752 1881 1839 Archiepiscopo
1912 1755 2063 1816 Gre-

123 1840 336 1925 gorius
382 1841 492 1901 lX.
551 1849 725 1900 sexta
773 1836 982 1898 Martii
1035 1860 1085 1898 a.
1146 1845 1312 1900 1240
1365 1837 1557 1914 misit,
1614 1861 1723 1924 per
1766 1837 2066 1923 Ugrinum

121 1924 477 1987 Pontificem
520 1923 913 1996 Colocensem
956 1933 1094 1983 ante
1127 1921 1430 2006 aliquanto
1467 1922 1546 1983 im
1591 1923 1840 1999 ositum‚
1889 1945 2065 2007 quam

122 2008 238 2072 hoc
270 2032 504 2094 quoque
541 2005 796 2069 nominis
830 2005 1149 2091 hungarici
1184 2007 1383 2069 lumen
1426 2005 1500 2068 ad
1533 2007 1550 2068 i
1578 2008 1697 2070 lum
1734 2006 1863 2068 dira
1902 2030 2064 2069 acer-

121 2093 405 2170 bissimae
472 2090 656 2154 cladis
722 2103 967 2154 nostrae
1024 2089 1403 2153 nobilitatum
1451 2092 1736 2155 memoria
1798 2091 2064 2166 fluvium,

124 2176 299 2241 editis
361 2177 631 2264 plurimis
688 2174 966 2238 heroicae
1045 2174 1288 2238 virtutis
1349 2175 1747 2252 facinoribUS‚
1812 2189 2065 2239 mortem

124 2262 337 2339 obiret,
378 2262 635 2325 rectius:
683 2259 756 2322 ad
788 2261 1139 2323 societatem
1176 2261 1576 2347 sempiternae
1607 2261 1800 2324 laudis
1834 2265 2062 2324 Duum-

121 2346 313 2409 virum
347 2347 584 2410 illorum
617 2345 863 2408 tertium
893 2368 960 2407 se
997 2345 1374 2430 adjungeret.
1409 2351 1463 2425 4)

257 2532 305 2591 2)
348 2530 602 2595 Vagnerus
640 2530 691 2579 in
730 2530 866 2579 Anal.
910 2529 1160 2594 Scepusii;
1208 2531 1260 2579 in
1302 2530 1481 2594 quibus
1525 2530 1563 2580 1.
1606 2546 1656 2595 p.
1700 2527 1819 2581 293
1867 2538 2064 2580 cetero-

125 2628 236 2663 rum
268 2629 464 2678 quoque
490 2614 750 2678 legationis
778 2613 927 2678 hujus
955 2614 1206 2664 sociorum
1238 2615 1438 2664 nomina
1459 2622 1668 2664 exstant.

221 2785 231 2789 α
258 2714 305 2773 3)
352 2712 540 2762 Katona
571 2713 696 2763 Hist.
732 2713 895 2762 EcleS.
932 2713 1102 2762 Coloc.
1135 2713 1190 2761 P.
1226 2713 1263 2762 I.
1297 2729 1348 2779 p.
1386 2708 1526 2762 283.

256 2814 307 2872 4)
352 2812 422 2862 De
454 2812 652 2862 heroica
686 2811 793 2877 ejus
824 2811 1000 2862 virtute
1032 2812 1250 2863 Thomas
1280 2812 1477 2863 Archid.
1514 2812 1646 2880 Spal.
1680 2810 1839 2878 plura.

999 3052 1042 3127 §
1091 3054 1188 3109 16.

565 3217 782 3266 eximia
814 3232 1011 3266 rerum
1042 3217 1373 3281 patriarum
1406 3216 1626 3281 peritia

300 3378 395 3438 De
442 3375 744 3473 plerisque
788 3377 1207 3464 diplomatibus
1252 3376 1545 3440 Matthiae
1586 3373 1849 3436 exaratis
1886 3397 2061 3436 manu

87 3453 95 3462 ’
130 3457 584 3546 historiophilus
627 3474 856 3525 emicat.
927 3466 1022 3525 Ita
1066 3463 1221 3526 enim
1261 3475 1475 3525 natura
1509 3471 1912 3546 comparatum
1949 3472 2063 3536 est,

1815 3549 1894 3603 230
