2384 3886
403 184 529 243 296

408 323 466 384 in
502 321 810 383 libertinos
858 322 1150 405 majoris
1187 330 1254 383 et
1293 319 1583 383 minoris
1617 318 1941 397 libertatis,
1976 344 2084 386 seu
2116 334 2182 386 ut
2207 324 2321 388 Re-

406 419 645 489 gestum
683 404 1062 468 Varadiense
1098 427 1256 467 num.
1286 412 1407 469 241
1448 405 1652 469 habet:
1694 405 2088 493 superioris
2126 420 2187 471 et
2220 408 2322 471 in-

405 490 700 554 ferioris
746 489 1103 554 conditionis
1140 488 1511 566 discernunt3
1560 514 1708 577 quos
1754 504 1949 556 autem
1982 492 2322 580 Stephanus

405 576 777 663 mancipia,
825 588 992 640 aetas
1022 575 1319 663 posterior
1350 580 1617 640 Servos
1650 575 1812 641 dixit.
1838 583 1887 658 1)

543 765 586 824 1)
631 763 747 814 Vide
789 769 1164 824 testamentum,
1205 763 1337 829 quod
1378 763 1632 814 Boleslaus
1662 762 1967 814 Vaciensium
2009 761 2124 812 olim
2154 762 2326 821 Ponti—

406 849 483 898 fex
513 848 754 911 condidit,
796 865 886 914 per
913 849 1065 899 Andr.
1099 849 1160 899 Π.
1195 864 1239 898 a.
1279 842 1440 898 1214
1472 850 1844 909 confirmatum,
1885 855 1933 898 et
1963 847 2079 897 alias
2110 847 2170 898 de
2201 863 2326 898 con-

407 934 507 985 dito
545 934 844 985 monasterio
886 934 1207 994 Csatariensi3
1253 933 1367 983 dote
1405 932 1625 984 Eclesiae
1663 933 1982 984 Lelesziensis
2014 939 2110 984 cet.
2142 934 2321 985 literas,

900 1130 962 1198 a)
1000 1133 1257 1180 Libertini
1292 1129 1507 1191 majoris
1546 1132 1818 1181 libertatis.

572 1273 792 1349 Erant,
838 1270 1027 1358 quiin
1066 1295 1219 1359 equo
1257 1295 1367 1336 suo
1420 1270 1651 1353 (verbis
1693 1283 1831 1336 utor—
1874 1270 2157 1336 Andreae
2194 1275 2325 1353 11.)‚

406 1357 563 1420 sicut
591 1356 1008 1443 Jobbagiones
1037 1358 1268 1421 servire
1299 1358 1658 1422 tenebantur
1681 1363 1727 1438 1)
1762 1357 1820 1422 id
1852 1381 1992 1423 vero
2008 1371 2136 1422 rest:
2177 1358 2325 1422 mili-

402 1443 546 1507 tiam
582 1442 794 1507 sacere.
839 1443 922 1508 Hi
951 1444 1368 1531 Jobbagiones
1399 1444 1574 1508 etiam
1614 1442 1849 1524 liberi,
1895 1443 2325 1508 conditiona-

404 1530 653 1616 lesque
710 1529 1016 1593 veteribus
1074 1530 1414 1594 vocitantur
1473 1542 1822 1618 propterea,
1892 1528 2047 1616 quod
2105 1530 2240 1594 inde
2291 1554 2328 1593 a

403 1614 694 1703 principio
739 1613 1127 1680 Monarchiae
1177 1614 1544 1702 hungaricae
1591 1615 1838 1702 reliquis
1884 1614 2126 1680 Colonis
2163 1616 2328 1680 velut

405 1701 535 1765 veri
567 1700 823 1764 nominis
858 1698 1314 1766 beneficiarii
1358 1700 1832 1789 praestantiores
1874 1713 2073 1776 erant3
2101 1748 2105 1750 Α
2131 1725 2205 1765 ex
2234 1700 2326 1764 his

405 1809 660 1874 namque
702 1800 959 1873 gentes
1001 1789 1392 1851 Dominorum
1439 1787 1750 1874 utriusque
1785 1787 2011 1866 ordinis
2049 1787 2329 1874 legeban-

410 1886 526 1936 tur.
585 1873 860 1938 Conditio
912 1897 1114 1937 eorum
1161 1874 1427 1938 liberalis
1472 1896 1658 1937 censu
1689 1874 1808 1938 fixo
1850 1886 1910 1938 et
1949 1873 2330 1961 praestandis

405 1958 481 2022 ad
529 1959 682 2022 diem
727 1959 1060 2023 nativitatis
1109 1959 1381 2039 Domini,
1436 1958 1772 2046 paschatis,
1827 1972 1889 2024 et
1939 1959 2327 2024 assumtionis

403 2047 474 2108 Β.
510 2047 594 2107 M.
621 2043 802 2130 Virg.
843 2043 1191 2108 muneribus
1225 2044 1715 2132 praefiniebatur3
1742 2051 1793 2125 2)
1849 2045 2046 2123 salva,
2095 2044 2150 2108 si
2185 2045 2328 2108 mal-

404 2130 563 2207 lent,
634 2130 751 2192 alio
807 2153 875 2195 se
932 2131 1333 2195 transferendi
1389 2131 1688 2195 facultate.
1753 2129 1869 2209 Qui
1921 2130 2122 2217 itaque
2174 2129 2329 2194 hanc

405 2215 923 2302 Jobhagionihus,
976 2217 1114 2314 lege
1155 2215 1387 2280 demum
1433 2216 1625 2280 Andr.
1654 2219 1764 2279 ΠΙ.
1808 2224 1949 2298 (art.
1985 2225 2084 2282 70.
2130 2223 2326 2297 1298)

407 2301 605 2365 datam
636 2301 1004 2380 existimant,
1051 2325 1111 2364 ln
1144 2301 1259 2366 hoc
1285 2304 1380 2366 bis
1409 2303 1720 2378 falluntur3
1764 2301 1979 2389 primo:
2012 2301 2169 2391 quod
2198 2304 2326 2367 An-

406 2387 609 2450 dream
663 2387 789 2473 legi
842 2410 951 2474 per
1003 2389 1282 2452 Carolum
1334 2388 1661 2453 Rohertum
1708 2387 1978 2453 conditae
2024 2401 2328 2452 auctorem

404 2473 832 2559 praetendunt3
881 2473 1118 2553 deinde,
1152 2474 1309 2561 quod
1348 2473 1643 2538 libertatis
1692 2473 1870 2561 hujus
1905 2474 2136 2539 initium
2173 2473 2329 2562 apud

404 2563 736 2645 Hungaros
751 2609 767 2635 ··.
781 2561 1115 2646 generatim
1152 2561 1226 2623 ab
1261 2559 1374 2623 hac
1415 2560 1645 2624 demum
1687 2560 1995 2625 exstitisse
2034 2561 2173 2647 lege
2205 2559 2327 2625 exi-

407 2645 666 2709 stimant.
724 2648 820 2709 De
855 2649 1118 2710 Decreto
1153 2646 1253 2711 illo
1298 2645 1580 2711 Andreae
1619 2645 1797 2722 alias3
1846 2645 1961 2712 hoc
1983 2644 2329 2732 jamisthic

407 2730 669 2794 indicare
700 2755 809 2818 par
840 2744 958 2795 est:
1007 2731 1079 2796 de
1110 2732 1525 2819 antiquissima
1552 2736 1982 2819 Hungarorum
2012 2743 2326 2802 consuetu-

410 2815 546 2879 dine
578 2817 1067 2903 Johbagiones
1107 2819 1400 2895 liberOS,
1448 2819 1499 2880 si
1527 2830 1735 2881 contra
1769 2822 1905 2905 jus,
1950 2818 2160 2904 sasque
2192 2840 2324 2906 pre-

406 2915 730 2977 merentur,
762 2902 1039 2990 depensis
1066 2903 1239 2967 titulo
1265 2904 1518 2990 terragii
1552 2904 1862 2986 (fo’ld-vam
1888 2907 1949 2966 in
1977 2904 2325 2984 vernaculo)

545 3086 592 3158 ¹)
640 3088 762 3140 Cod.
796 3089 924 3154 Dipl.
960 3089 1041 3139 IX.
1074 3106 1118 3139 ν.
1156 3089 1210 3139 7.
1243 3106 1292 3155 p.
1327 3084 1466 3141 646.
1499 3090 1689 3141 Literae
1717 3091 1839 3141 And.
1873 3091 1934 3142 ΙΙ.
1969 3091 2029 3141 de
2058 3106 2102 3141 a.
2141 3087 2320 3142 1217.

541 3172 592 3243 2)
636 3173 1043 3240 Johbagiones
1090 3174 1266 3225 liberi
1316 3177 1597 3226 monasterii
1645 3177 1705 3226 de
1754 3177 1939 3243 Tihany
1985 3177 2130 3239 (VIII.
2174 3192 2220 3226 v.
2265 3174 2318 3226 7.

408 3276 519 3326 pag.
559 3256 703 3322 139)
741 3261 802 3311 ad
838 3261 1016 3311 festum
1056 3259 1108 3311 h.
1144 3261 1335 3327 Georgii
1369 3259 1446 3311 25
1480 3269 1529 3313 et
1560 3262 1763 3313 totidem
1795 3263 2023 3314 denarios
2053 3262 2113 3313 ad
2143 3262 2321 3311 festum

409 3345 457 3396 b.
498 3345 645 3396 Mich.
686 3362 776 3412 pro
815 3362 992 3408 cenw,
1033 3355 1083 3397 et
1119 3347 1209 3397 tria
1241 3348 1504 3413 quotannis
1534 3364 1738 3399 munera
1769 3348 1965 3399 dabant.
2015 3348 2138 3399 Cum
2168 3345 2321 3397 literis

411 3431 486 3480 his
518 3432 688 3482 confer
716 3439 807 3483 art.
843 3430 900 3483 2.
934 3431 1130 3498 Sigism.
1164 3432 1308 3484 Decr.
1342 3435 1394 3484 V.
1430 3449 1486 3486 ex
1518 3450 1616 3503 quo
1646 3435 1808 3502 prisca
1837 3433 2193 3501 Jobhagionum
2224 3430 2320 3482 ho-

409 3531 516 3567 rum
548 3517 762 3569 conditio
795 3518 865 3570 sic
897 3519 1013 3569 satis
1043 3517 1222 3570 elucet.
