2384 3886
1933 208 2019 266 29

95 358 209 418 Est
259 364 459 414 tamen
513 370 656 435 pars
717 347 899 427 longe
952 339 1316 428 amplissima
1358 342 1579 403 messis
1610 341 1665 402 ei
1696 342 2018 405 etiamnum

97 437 352 502 obnoxia
394 435 538 509 fato,
595 443 663 494 ut
706 449 816 490 seu
861 425 1205 503 obstinatia,
1260 449 1372 488 seu
1414 426 1657 510 ignavia
1702 449 2017 511 possesso-

94 544 226 584 rum
269 519 520 582 insectis
564 516 723 578 illam
767 508 958 587 exedi,
1016 534 1191 596 quam
1229 511 1292 572 in
1329 511 1568 596 publica
1598 511 1855 575 conferri
1884 511 2019 576 hor-

75 649 79 653 -
95 629 201 669 rea
245 603 424 669 malit.

961 711 1004 788 g
1049 715 1148 771 27.

839 862 1282 926 Diplomata

266 1024 471 1088 Prima
501 1022 589 1084 rei
631 1019 1043 1108 diplomaticae
1069 1018 1224 1106 apud
1253 1023 1586 1105 Hungaros
1618 1031 1808 1099 aetam,
1855 1045 2024 1109 pars-

98 1134 211 1199 que
253 1113 537 1195 juventae
581 1105 720 1168 huic
797 1104 1041 1191 propior
1096 1104 1352 1190 plurima
1397 1105 1810 1191 ambiguitatis
1854 1108 2028 1170 venia

93 1218 252 1282 opus
284 1193 484 1254 habet.
541 1193 745 1252 Causa
774 1188 950 1273 hujus
987 1188 1256 1274 proxima
1299 1189 1618 1252 verborum
1655 1189 1855 1277 inopia
1911 1214 2027 1277 qua
2113 1236 2115 1239 -

101 1278 298 1367 pressi
325 1274 588 1352 Notarii‚
619 1297 738 1336 non
767 1272 976 1359 paucis
1000 1272 1309 1334 vocabulis
1341 1274 1456 1353 (uti
1488 1273 1642 1359 apud
1664 1298 1776 1337 nos
1808 1278 1854 1337 J
1866 1276 2027 1338 oba-

103 1365 251 1449 gio,
306 1362 589 1435 ComeS,
652 1361 1130 1433 Descensus),
1190 1379 1442 1441 quorum
1498 1360 1799 1420 sententia
1853 1358 2028 1422 hodie

103 1459 268 1510 certa
312 1442 547 1529 fixaque
593 1454 719 1519 est,
787 1453 1090 1526 tamquam
1134 1439 1344 1502 mediis
1386 1452 1448 1502 et
1498 1443 1909 1505 communibus
1956 1442 2031 1505 ad

102 1533 333 1618 plureS‚
378 1526 676 1590 interdum
720 1527 898 1589 etiam
940 1536 1282 1621 pugnantes
1329 1547 1533 1587 secum
1578 1526 1854 1588 notiones
1899 1551 2028 1590 res-

103 1639 218 1701 que
263 1613 679 1676 abutebantur.
755 1613 989 1672 Horum
1032 1621 1234 1694 ltaque
1279 1609 1742 1694 significationis
1789 1610 2030 1674 diverti-

104 1701 238 1762 cula
290 1698 599 1783 explorata
652 1696 705 1758 ei
763 1716 902 1756 esse
960 1704 1222 1779 oportet,
1300 1694 1400 1779 qui
1444 1693 1519 1756 ad
1564 1693 2029 1773 edisserendam‚

15 1842 17 1845 ,
101 1785 164 1846 in
208 1806 324 1868 qua
369 1803 575 1844 eorum
620 1802 770 1842 usus
816 1789 940 1854 est,
1004 1778 1261 1863 aliquam
1304 1790 1575 1841 veterum
1617 1780 2031 1843 institutorum

103 1878 333 1955 partem
378 1865 730 1949 accingitur.
775 1865 996 1947 Neque
1025 1861 1099 1923 ab
1146 1862 1544 1925 insolentibus
1599 1864 1803 1926 verbis
1861 1888 2030 1951 pere-

102 1951 415 2038 grinisque
458 1947 735 2034 loquendi
778 1946 1049 2009 formulis
1096 1945 1436 2024 abstinent,
1513 1970 1662 2032 quae
1708 1971 2031 2035 nunquam,

103 2047 208 2099 aut
250 2036 432 2119 longo
476 2045 618 2131 post
661 2045 928 2118 tempore
964 2034 1102 2116 jure
1148 2030 1408 2093 civitatis
1455 2029 1707 2094 donatae
1754 2046 1911 2096 sunt.
1984 2041 2032 2113 1)

104 2121 323 2183 Plures
370 2118 624 2264 demqpe
662 2116 956 2179 communi
1002 2115 1364 2202 scriptorum
1410 2118 1626 2178 aetatis
1664 2116 1844 2203 hujus
1886 2118 2032 2181 vitio

6 2208 14 2213 ’
105 2227 301 2290 genus
359 2202 528 2265 dicen
570 2203 589 2264 i
632 2212 967 2287 sequuntur
1009 2200 1353 2284 mysticum,
1398 2201 1765 2287 tropicisque
1811 2203 2033 2287 figuris

107 2289 400 2365 offertum,
447 2288 590 2384 quin
634 2298 834 2349 tamen
879 2285 973 2348 vel
1016 2284 1078 2345 in
1123 2284 1259 2348 hoc·
1282 2285 1396 2347 sibi
1442 2298 1736 2348 constent.
1788 2288 2034 2372 Stylum

12 2422 26 2434 ,
105 2373 325 2458 itaque,
359 2396 434 2435 ne
455 2395 516 2433 m
540 2369 983 2457 Diplomatibus
1007 2368 1241 2454 quidem
1261 2368 1465 2432 eadem
1489 2370 1830 2433 subnotatis
1855 2393 2036 2434 manu

107 2479 343 2543 semper
388 2456 695 2542 aequalem
729 2454 1016 2541 reperias.
1074 2453 1247 2531 Quod
1277 2455 1431 2517 enim
1461 2453 1634 2518 hodie
1670 2479 1905 2542 quoque
1930 2457 2035 2520 ob-

106 2542 285 2617 tinet,
338 2553 405 2603 ut
447 2540 762 2603 formulam
801 2538 1117 2619 (minutam
1150 2539 1375 2623 ‘vulgus
1406 2538 1576 2619 dicit)
1612 2539 2036 2604 Mandatorum

108 2624 541 2688 ordinariorum
582 2624 759 2708 regni
807 2621 1121 2698 Judicum‚
1190 2622 1263 2683 ad
1315 2622 1430 2685 hos
1486 2625 2036 2710 Cancellariamque

106 2709 299 2794 Regis
350 2708 665 2780 minorem3
737 2712 789 2785 2)
845 2705 1119 2768 Mandati
1170 2729 1314 2768 vero
1373 2707 1534 2769 novi
1593 2730 1742 2769 cum
1789 2711 2037 2794 gratia

245 2892 289 2951 1)
333 2890 405 2939 De
440 2890 518 2940 his
574 2890 692 2955 styli
743 2889 846 2939 aevi
881 2889 1030 2939 medii
1075 2889 1203 2938 vitiis
1230 2889 1364 2939 vide:
1404 2889 1684 2956 Savignium
1730 2890 1910 2942 Gesch.
1950 2893 2038 2943 des

109 2982 236 3023 rom.
265 2973 448 3024 Rechts
484 2975 552 3024 im
578 2974 872 3024 Mittelalter.
904 2974 943 3024 Ι.
976 2989 1026 3038 p.
1061 2968 1182 3023 402
1213 2980 1261 3023 et
1287 2974 1424 3024 locos
1452 2975 1519 3025 ibi
1549 2976 1742 3026 citatos.
1788 2977 2040 3027 Boehme-

110 3072 217 3117 ωε,
254 3057 620 3119 Hontheimius‚
666 3059 878 3110 Estorus
917 3058 1191 3123 praecisam
1227 3060 1725 3110 ministerialium
1761 3062 2033 3121 notionem,

112 3141 175 3191 ob
206 3141 529 3205 multiplicem
577 3144 711 3193 vocis
749 3142 898 3207 hujus
944 3143 1286 3207 acceptionem
1331 3144 1612 3208 desperant.
1664 3145 1846 3194 Confer
1884 3145 2039 3194 Com-

111 3231 264 3275 ment.
309 3241 399 3289 per
435 3225 574 3275 Univ.
606 3227 924 3277 Bonnensem
956 3234 1186 3277 coronat:
1237 3228 1364 3289 „Die
1402 3228 1751 3278 Ministerialen
1781 3243 1876 3278 von
1913 3228 2036 3294 Aug.

113 3308 375 3359 Freiherrn
404 3325 499 3359 von
537 3310 710 3370 Furth‚
748 3326 799 3375 p.
835 3306 935 3373 49,
983 3305 1106 3361 488
1140 3316 1288 3376 seq.“

246 3396 295 3455 2)
339 3394 472 3444 Haec
501 3409 655 3459 penes
685 3394 963 3447 Personalis
993 3395 1304 3446 Praesentiae
1329 3397 1506 3460 Regiae
1525 3396 1575 3445 in
1594 3395 1799 3445 Judiciis
1822 3395 2042 3447 Locum—

113 3484 363 3529 tenentem
395 3485 486 3528 est.
697 3488 699 3490 ·
