2384 3886
402 200 525 258 358

407 337 594 400 hibuit
624 362 738 413 „ne
763 336 1026 399 Praelati
1052 338 1265 423 aliique
1293 337 1528 415 Clerici,
1562 342 1961 426 cujuscunque
1987 339 2107 405 sint
2130 341 2301 406 Ordi-

407 424 521 498 niS‚
565 421 893 507 dignitatis,
928 434 1030 484 aut
1063 435 1278 500 status,
1308 423 1533 486 bellicis
1563 448 1629 487 se
1661 423 1894 487 actibus
1919 424 2302 510 implicarent,

407 531 555 570 neve
591 506 648 568 in
681 507 984 593 praesenti
1014 508 1153 571 licet
1184 508 1549 573 Eclesiarum
1585 522 1686 572 aut
1715 510 1940 595 patriae
1971 510 2303 574 discrimine

406 591 663 679 propriis
702 592 759 654 in
788 593 1061 679 personis
1091 605 1485 680 pugnarent.“
1533 595 1654 658 Sed
1683 619 1824 658 vero
1860 595 2137 682 deinceps
2165 619 2304 682 quo-

408 700 518 764 que
555 681 848 764 Majorum
897 678 1176 742 insistere
1223 679 1518 755 moribuS‚
1575 704 1744 765 quam
1798 679 2151 744 discriminis
2185 682 2305 769 ple-

406 787 543 826 num
574 763 748 826 alieni
777 763 1005 827 arbitrii
1040 763 1208 851 sequi
1239 766 1450 827 Clerus
1478 765 1828 851 Hungariae
1857 766 2308 854 imperium‘ma-

409 849 533 911 luit.
577 853 786 934 ltaque
823 849 1075 927 sactum,
1121 863 1187 913 ut
1226 849 1391 935 prius
1443 850 1647 926 etiam,
1690 875 1862 938 quam
1911 875 2040 914 cum
2075 856 2309 916 Joanne

406 934 648 998 Vitezio
687 939 914 1020 Magno
959 934 1349 1011 Varadiensi‚
1402 957 1538 998 mox
1581 937 1983 1022 strigoniensi
2018 937 2310 1001 Antistite

406 1044 619 1084 novum
658 1020 1068 1106 Hyerarchiae
1105 1019 1470 1105 hungaricae
1514 1033 1782 1084 exortum
1831 1023 2012 1086 decus
2054 1035 2236 1101 esset,
2255 1030 2309 1104 4)

405 1107 606 1193 plures
655 1106 725 1168 de
775 1107 948 1168 Clero
1001 1105 1436 1169 sanctissimam
1475 1105 1871 1172 defendendae
1898 1109 2140 1173 Patriae
2176 1132 2311 1172 cau-

407 1215 533 1254 sam
576 1215 684 1253 suo
737 1191 1046 1277 signarent
1085 1193 1405 1276 sanguine3
1451 1192 1748 1278 posterior
1780 1217 1921 1257 vero
1956 1207 2123 1258 aetas
2154 1195 2311 1258 vitae

405 1281 533 1363 ejus
561 1277 823 1339 rationes
847 1301 954 1363 pro
988 1277 1419 1364 perfectissima
1447 1278 1611 1340 Civis
1644 1291 1703 1341 et
1736 1279 2081 1344 Sacerdotis
2107 1303 2314 1344 norma

403 1362 747 1425 imitaretur.
779 1368 829 1442 5)
888 1364 1201 1426 Praelatos
1241 1387 1370 1426 cum
1405 1363 1705 1426 handeriis
1740 1388 1902 1429 more
1941 1366 2181 1452 antiquo
2203 1390 2311 1454 pro

404 1447 745 1512 defensione
777 1448 978 1511 finium
1004 1449 1175 1534 regni
1201 1449 1495 1536 deputari3
1542 1450 1758 1535 legem,
1790 1474 1903 1537 qua
1937 1465 2198 1528 cavetur,
2237 1475 2312 1515 ne

402 1534 667 1598 Praelati
711 1533 902 1598 instar
950 1534 1438 1599 exercituantium
1485 1533 1882 1623 procedentes*
1919 1536 2129 1601 damna
2166 1536 2312 1601 infe-

534 1722 583 1782 4)
627 1721 743 1770 Vide
774 1721 902 1786 Dipl.
936 1721 1144 1771 Mathiae
1176 1721 1235 1771 de
1266 1736 1310 1771 a.
1342 1715 1502 1772 1464
1533 1724 1663 1787 apud
1693 1723 1854 1773 Batth.
1880 1723 1977 1773 LL.
2003 1722 2105 1774 ΕΕ.
2139 1723 2196 1774 Τ.
2221 1724 2306 1774 111.

404 1821 454 1872 p.
490 1804 602 1855 521
648 1821 706 1855 ex
743 1821 839 1871 quo
871 1813 1005 1872 patet
1035 1822 1147 1856 eum
1182 1807 1352 1872 „quod
1380 1798 1567 1857 bellicis
1598 1808 1987 1873 expeditionibus
2017 1811 2108 1874 'pro
2139 1809 2314 1860 defen-

405 1892 543 1942 sione
579 1892 653 1941 vel
682 1892 865 1957 patriae
895 1893 970 1942 vel
1001 1892 1114 1942 fidei
1145 1893 1387 1958 susceptis
1418 1893 1594 1958 partim
1625 1909 1716 1959 per
1746 1910 1826 1957 se,
1869 1894 2045 1960 partim
2075 1910 2171 1960 per·
2195 1911 2313 1946 suos

404 1977 649 2027 adfuerit“
689 1992 716 2026 a
754 1978 1062 2043 depositione
1096 1977 1363 2042 juramenti
1399 1994 1456 2028 ea
1492 1978 1772 2030 absolutum
1810 1980 1916 2045 lege
1954 1980 2130 2042 fuisse,
2171 1987 2227 2032 ut
2262 1980 2313 2030 in

406 2062 634 2112 omnibus
672 2062 832 2112 causis
870 2062 1160 2127 adjudicatio
1194 2062 1481 2127 juramenti,
1524 2079 1625 2113 non
1662 2064 1715 2114 in
1751 2080 2014 2130 personam
2052 2071 2102 2115 et
2129 2080 2310 2116 nomen

405 2148 534 2213 ejus,
577 2148 663 2196 sed
692 2148 742 2196 in
772 2163 1033 2212 personam
1065 2155 1113 2198 et
1146 2164 1325 2198 nomen
1357 2149 1589 2199 Judicis
1630 2149 1842 2200 Curiae
1880 2150 2033 2216 ejuS,
2079 2156 2163 2200 aut
2190 2151 2315 2201 alte-

402 2234 505 2284 rius
546 2232 776 2282 Osficialis
815 2233 1073 2298 dirigatur3
1112 2239 1161 2283 at
1196 2234 1310 2283 licet
1347 2234 1562 2284 Joannes
1601 2234 1742 2285 solus*
1765 2251 1856 2300 pro
1888 2236 2059 2286 decem
2086 2237 2324 2301 personis·

402 2318 647 2369 nobilibus
672 2318 925 2384 juraturus
957 2325 1112 2381 esset,
1155 2319 1312 2368 dictus
1341 2319 1497 2369 Judex
1526 2320 1601 2369 vel
1623 2319 1864 2371 officialis
1893 2336 1995 2371 non
2026 2321 2186 2383 solu8‚
2227 2322 2316 2372 sed
2355 2354 2368 2373 .

404 2420 541 2454 more
578 2404 814 2454 nobilium
855 2421 966 2455 cum
1008 2405 1179 2454 decem
1208 2405 1434 2470 personis
1465 2405 1711 2456 nobilibus
1742 2421 1795 2456 se
1825 2406 2016 2457 incluso
2041 2406 2207 2473 jurare
2235 2413 2316 2458 te-
2343 2401 2350 2407 ’

404 2497 592 2540 neatur.
640 2490 1000 2540 Immunitatem
1043 2490 1170 2540 hanc
1206 2490 1421 2540 Joannes
1459 2491 1521 2541 ad
1560 2491 1947 2556 Strigoniensem
1985 2493 2156 2542 sedem
2193 2508 2316 2558 pro-
2374 2513 2378 2517 ⁴

403 2584 566 2626 motus
597 2576 693 2626 huc
724 2576 906 2638 attulit,
949 2576 1154 2642 ejusque
1184 2576 1350 2626 itidem
1382 2576 1548 2627 datum
1578 2577 1764 2627 meritis
1795 2584 1897 2639 est,
1940 2584 1996 2632 ut
2023 2578 2104 2628 illa
2133 2594 2315 2644 perpe-

406 2670 488 2712 tua
515 2661 913 2727 Archiepiscopis
944 2661 1363 2732 strigoniensibus
1393 2662 1444 2712 in
1481 2677 1716 2728 praesens
1754 2678 1950 2729 quoque
1986 2669 2137 2714 esset.
2184 2663 2310 2715 lbid.

403 2763 513 2812 pag.
559 2743 696 2798 523.
2083 2738 2090 2745 ⁵

539 2835 586 2893 5)
630 2833 699 2882 De
725 2833 907 2883 Abbate
938 2833 1337 2884 Cisterciensium
1369 2834 1428 2884 de
1458 2834 1589 2896 pilis,
1625 2834 1707 2900 qui
1735 2833 2002 2884 Posonium
2031 2834 2195 2885 audita
2223 2835 2315 2886 ad·-

407 2924 577 2967 ventus
609 2918 895 2968 Tatarorum
925 2919 1051 2969 fama
1090 2920 1318 2981 munivit,
1359 2920 1465 2969 vide
1504 2920 1680 2969 Timon
1717 2918 1811 2985 Ep.
1852 2920 2025 2970 chron.
2065 2935 2177 2986 pag.
2213 2916 2310 2971 31.
2375 2916 2378 2919 ’

411 3003 654 3062 Quaedam
696 3004 904 3054 societas
943 3004 1178 3055 nobilium
1221 3005 1279 3054 de
1318 3005 1506 3054 Austria
1544 3005 1845 3055 intraverunt
1879 3005 2176 3071 Hungariam
2214 3006 2314 3056 fere
2378 3002 2379 3030 ³

410 3089 540 3139 mille
570 3089 736 3139 armati
770 3095 818 3139 et
848 3096 1090 3151 castrum,
1134 3090 1265 3155 quod
1297 3090 1473 3140 dicitur
1501 3090 1657 3150 Raab,
1702 3106 1849 3141 manu
1880 3091 2033 3141 valida
2063 3106 2316 3157 expugua-

411 3183 607 3237 verunt3
651 3182 699 3224 et
737 3175 785 3224 in
825 3176 994 3225 eadem
1031 3175 1152 3225 urbe
1193 3175 1470 3240 Episcopus
1513 3176 1572 3225 de
1611 3176 2056 3241 Quinqueeclesii5‚
2108 3177 2190 3242 qui
2225 3177 2316 3227 fuit

415 3260 706 3325 Capitaneus
745 3260 951 3322 ibidem,
1001 3260 1234 3311 robustus
1273 3269 1320 3311 et
1363 3261 1638 3322 animosuS‚
1688 3267 1859 3327 captus
1905 3268 2004 3324 est,
2051 3262 2119 3312 ait
2162 3262 2310 3313 Chro.
2360 3250 2384 3316 *⁵2

413 3347 573 3395 Austr.
617 3346 675 3395 ad
718 3362 762 3395 a.
802 3342 980 3397 1273.
1028 3346 1098 3396 De
1137 3345 1386 3413 Episcopo
1425 3347 1598 3397 Trans.
1631 3347 1827 3397 Arnolfo
1868 3363 2013 3398 causa
2044 3346 2313 3397 securitatis

413 3431 735 3481 confiniorum
783 3432 1055 3497 Hungariae
1094 3432 1347 3483 Jaurinum
1390 3433 1757 3498 transponendo
1796 3433 1900 3483 vide
1938 3433 2008 3483 lit.
2053 3432 2195 3483 Belac
2232 3431 2306 3482 JV.

411 3517 469 3563 dc
501 3533 543 3565 a.
585 3511 759 3566 127215.
