2384 3886
1866 171 1984 228 165

27 364 29 366 .
79 330 231 383 cem,
278 328 523 391 eamque
556 306 628 367 ab
669 305 914 367 adsueta
943 309 1065 390 jam
1098 305 1415 393 praedandi
1456 302 1727 372 lubedine
1757 310 1830 372 ad
1867 333 1985 374 me-

0 394 16 407 “
76 392 256 455 liores
303 404 465 454 artes
515 403 799 454 avertere.
863 393 1032 453 Uxor
1077 393 1156 468 ei,
1203 406 1268 455 ut
1318 393 1606 472 diximus„
1659 396 1900 459 Sarolta
1937 403 1984 476 1)

75 477 214 553 fuit,
260 476 460 562 magni
502 487 562 538 et
590 474 690 538 illa
719 473 895 536 animi
925 476 1161 546 mulier,
1210 477 1570 541 Christianis
1612 480 1686 542 ad
1721 480 1870 543 haec
1896 481 1985 542 in—

0 565 21 635 ἷ-ἰ,
75 562 299 625 nutrita
317 560 534 634 sacris;
567 572 912 645 tantumque
934 561 1185 647 pollenS,
1213 575 1279 624 ut
1306 587 1559 648 regnum
1589 565 1700 627 viri
1717 566 1986 630 tenuisse

0 671 10 715 ᾗ
75 670 250 710 manu
287 646 594 710 diceretur.
639 648 719 707 Et
753 647 963 729 Geyza
997 645 1229 730 quidem
1269 671 1440 709 suum
1474 648 1587 712 hoc
1621 652 1986 738 propositum

78 757 212 796 mox
242 755 309 794 ac
332 753 613 818 praeesse
648 730 869 815 coepit,
935 730 1143 792 vicinis
1176 732 1543 819 principibus
1582 750 1857 799 constare
1886 763 1984 801 vo-

75 818 216 894 luit,
273 817 555 900 dataeque
607 814 742 895 fidei
793 814 905 877 hac
941 816 1116 878 animi
1163 818 1496 880 constantia
1536 822 1874 906 respondit,
1922 836 1988 885 ut

77 926 322 964 severus
345 901 404 963 in
433 924 598 974 siiOS,
630 914 976 964 mansuetus
1000 902 1381 988 liberalisque
1413 904 1473 964 in
1506 904 1655 967 alios
1684 930 1791 992 pro
1818 910 1987 993 Rege

76 1012 142 1051 se
191 987 346 1049 serre
391 985 723 1063 videretur,
781 1009 967 1073 eoque
1021 1011 1127 1075 per
1171 987 1498 1076 scriptores
1541 990 1718 1053 etiam
1761 994 1988 1079 patrios

75 1073 470 1160 appellaretur
504 1073 752 1135 nomine.

209 1307 251 1365 1)
295 1304 350 1353 In
389 1303 482 1353 vita
518 1320 559 1352 s,
592 1303 759 1353 Adalb.
799 1304 924 1353 Anu.
966 1304 1073 1354 Ecl.
1117 1305 1281 1355 Germ.
1325 1306 1382 1354 T.
1417 1305 1493 1355 IV.
1540 1321 1589 1369 p.
1637 1298 1775 1355 547.
1821 1322 1984 1370 „quae

75 1397 228 1441 totum
267 1404 472 1454 regnum
509 1389 596 1438 viri
634 1405 781 1438 manu
818 1389 999 1451 tenuit,
1051 1397 1100 1440 et
1139 1406 1262 1455 quae
1297 1397 1438 1440 erant
1477 1389 1587 1450 viri,
1633 1390 1738 1454 ipsa
1770 1392 1984 1456 regebat,

74 1492 168 1542 qua
199 1475 347 1526 duce
377 1481 479 1525 erat
512 1474 852 1525 Christianitas
883 1480 1113 1542 caepta.“

941 1690 982 1768 ς
1026 1692 1127 1751 59.

173 1858 518 1924 reperitque
564 1859 712 1908 hanc
756 1858 826 1908 ad
869 1858 1286 1923 amplectenda
1332 1856 1499 1908 sacra
1546 1858 1890 1908 Christiana

901 1943 1159 1994 facilem.

245 2108 487 2191 Geyza,
534 2106 670 2168 dum
704 2105 1008 2194 hocpacis
1040 2106 1299 2170 studium
1330 2127 1500 2168 suum
1531 2105 1738 2168 Ottoni
1761 2108 1989 2191 Magno

75 2214 181 2278 per
225 2192 460 2277 legatos
506 2199 687 2273 (anno
721 2200 873 2272 973)
920 2193 1270 2268 affirmaret,
1315 2192 1607 2254 facturum
1646 2214 1712 2252 se
1744 2190 1990 2278 recepit,

74 2289 142 2338 ut
177 2276 276 2363 qui
311 2277 729 2364 propaffandae
759 2279 819 2340 in
848 2278 1163 2364 Hungaria
1197 2277 1422 2340 Christi
1457 2276 1591 2338 fidei
1619 2275 1992 2362 susciperent

75 2361 365 2439 laborem,
424 2376 482 2426 et
499 2328 685 2448 ’liujus
719 2363 1018 2427 adeundae
1055 2376 1114 2426 et
1147 2360 1449 2426 navandae
1475 2361 1536 2422 in
1570 2385 1809 2424 causam
1839 2361 1992 2424 hanc

77 2447 512 2511 sanctissimam
570 2473 783 2535 operae
826 2448 1223 2536 inimpeditam
1278 2448 1620 2510 facultatem
1670 2446 1982 2510 haberent.

83 2531 254 2608 Quod
279 2532 508 2618 quidem
531 2533 630 2596 ille
660 2558 769 2596 sua
798 2534 999 2598 itidem
1049 2547 1262 2621 sponte
1307 2535 1480 2614 (Otto
1531 2532 1682 2595 enim
1722 2556 1858 2595 mox
1892 2556 1990 2594 su-

79 2640 343 2705 premum
369 2618 539 2699 obiit)
571 2619 643 2681 ad
680 2643 812 2682 eum
843 2620 1078 2683 modum
1116 2619 1517 2707 praestiterat,
1553 2630 1619 2679 ut
1649 2617 1987 2702 Pilgrinum

75 2703 540 2768 Lauriacensem
560 2704 915 2791 Episcopum
936 2706 1138 2769 multis
1176 2717 1373 2768 oraret
1396 2703 1702 2791 precibus,
1736 2703 1988 2780 veniret,

77 2801 143 2852 ut
167 2789 328 2876 ipse,
368 2791 650 2871 aut-alios
679 2789 751 2852 ad
778 2814 925 2878 opus
959 2790 1070 2855 hoc
1097 2791 1418 2876 delegaret.
1464 2789 1870 2875 Presbyteros
1899 2788 1995 2851 hic

79 2898 153 2937 ex
174 2874 511 2953 monachiS,
571 2876 1042 2962 Canonicisque,
1101 2900 1202 2954 ac,
1265 2874 1336 2938 de
1373 2874 1629 2960 singulis
1669 2874 1992 2938 eclesiasti-

80 2958 164 3021 cis
199 2960 516 3044 gradibuS,
564 2961 830 3025 Clericos
866 2963 1063 3040 misit,
1112 2986 1181 3026 eo
1217 2961 1546 3024 instructos
1578 2959 1880 3036 mandato,
1925 2973 1992 3022 ut

80 3067 228 3131 quae
299 3045 636 3109 Bonifacius
703 3047 1044 3127 (Vinsridus
1116 3049 1326 3132 vulgo)
1396 3045 1659 3131 sociique
1720 3045 1781 3106 in
1841 3048 1990 3108 Ger-

77 3129 272 3192 mania
314 3129 448 3193 olim
497 3132 796 3217 egissent,
858 3133 917 3195 in
965 3133 1278 3218 Hungaria
1322 3132 1439 3220 ipsi
1479 3155 1662 3217 agere
1708 3130 1801 3192 sui
1851 3153 1988 3192 esse

79 3228 326 3278 nossent
365 3238 576 3278 munus
615 3216 807 3279 officii.
854 3214 1218 3304 Quamquam
1250 3241 1391 3281 vero
1423 3217 1510 3292 hi,
1558 3216 1694 3302 quia
1726 3216 1989 3300 linguam

81 3300 312 3387 populi,
377 3324 547 3386 quem
597 3300 807 3364 docere
858 3301 1180 3380 debebant,
1239 3328 1357 3367 non
1413 3312 1734 3376 noverunt,
1794 3301 1990 3386 magis

81 3386 255 3449 etiam
299 3399 551 3463 temere,
609 3409 781 3472 quam
838 3390 939 3449 An
989 3387 1030 3448 li
1086 3387 1240 3474 apud
1306 3391 1636 3452 Germanos
1684 3383 1841 3447 hunc
1893 3386 1990 3448 ad-

82 3471 280 3556 gressi
328 3471 588 3536 laborem
639 3484 804 3546 sunt3
865 3411 1023 3536 dedit
1063 3485 1259 3537 tamen
1305 3473 1399 3536 vel
1445 3470 1533 3534 sic
1577 3494 1644 3535 se
1687 3471 1990 3557 negotium
