2384 3886
1871 184 1994 242 353

18 322 33 392 ἰΖ
82 327 186 387 sos
225 323 497 409 judicare
550 323 776 409 possit,
830 321 936 384 sed
959 319 1223 405 ejusdem
1253 322 1523 387 Eclesiae
1553 324 1994 409 strigoniensis

15 443 29 461 2
70 406 324 495 judices,
356 407 653 471 videlicet:
699 405 1012 469 Palatinus
1049 428 1197 468 suus
1237 408 1329 471 vel
1353 406 1552 471 Judex
1578 409 1796 473 Curiae
1827 433 1991 488 suae,

22 557 34 566 2
78 506 182 557 aut
208 493 520 557 terrestris
565 494 781 556 Comes
812 514 921 577 per
958 488 1500 579 Archiepiscopum
1535 494 1885 581 deputatus,
1930 496 1991 558 in

78 578 348 650 omnibus
383 576 629 664 judicet.
696 576 766 639 Si
823 574 1079 638 Nobiles
1126 577 1397 641 Eclesiae
1444 579 1882 666 strigoniensis
1926 581 1986 643 in

76 664 234 727 furto
271 664 365 726 vel
395 662 582 748 spolio
614 685 722 748 per
750 661 1086 723 Palatinum
1120 663 1294 746 regni
1329 665 1545 742 nostri,
1591 667 1685 728 vel
1714 666 1987 730 Judicem

21 764 26 822 ζ
77 750 293 813 Curiae
328 757 572 811 nostrae
615 746 820 809 ordine
863 746 1021 832 juris
1047 758 1284 809 servato
1316 750 1820 828 interficerentur,
1853 775 1989 838 pos-

20 848 25 883 ?
78 833 381 898 sessiones
424 833 624 895 taliter
664 831 1112 895 interfectorum
1159 855 1276 894 non
1327 833 1399 896 ad
1436 835 1772 897 Palatinum
1814 838 1987 922 regni

25 932 27 935 ’
75 921 167 983 vel
199 918 473 983 Judicem
515 917 732 981 Curiae
771 916 944 1003 regni
979 916 1394 995 devolvantur,
1442 919 1549 982 sed
1583 920 1655 982 ad
1692 922 1986 983 Eclesiam

17 1028 21 1070 j
74 1004 610 1090 Strigoniensem.“
656 1002 922 1066 Praelati
967 1002 1147 1065 ceteri
1190 1016 1428 1089 praeter
1479 1017 1734 1090 quatuor
1775 1006 1987 1091 princi-

14 1091 29 1161 J
71 1091 238 1178 pales
262 1088 679 1151 ministeriales
712 1111 787 1150 ex
815 1111 977 1151 more
1002 1089 1416 1151 Praelatorum
1446 1089 1825 1153 Germaniae:
1867 1095 1987 1154 Ta-

72 1174 376 1239 vernicum
409 1197 646 1260 nempe,
705 1173 1079 1261 Dapiferum,
1104 1174 1485 1252 Pincernam,
1526 1187 1584 1238 et
1608 1179 1983 1261 Agazonem,

74 1261 323 1348 quisque
345 1259 696 1323 Curialem
731 1260 1006 1335 alterum,
1046 1259 1295 1322 alterum
1321 1272 1736 1323 terrestrem
1766 1260 1985 1324 habue-

71 1359 211 1410 runt
232 1346 520 1410 Comitem
545 1369 733 1408 suum.
777 1348 1041 1421 Quorum
1064 1344 1160 1406 hic
1182 1357 1353 1408 extra
1379 1345 1619 1407 Curiam
1642 1370 1853 1409 causas
1881 1348 1984 1408 mi-

71 1455 272 1509 noreS,
312 1431 744 1516 minorumque3
776 1430 876 1494 ille
900 1443 1197 1516 tamquam
1218 1432 1434 1494 Comes
1460 1432 1675 1495 Curiae
1704 1433 1983 1519 Episcopi

71 1531 175 1581 aut
197 1517 477 1594 Abbatis,
506 1516 566 1579 in
589 1518 789 1594 Curia,
822 1540 892 1580 eo
917 1539 1134 1593 coram,
1161 1517 1259 1578 vel
1291 1516 1539 1580 absente
1570 1541 1783 1580 causas
1809 1541 1983 1604 quas-

74 1626 185 1690 que
236 1627 353 1666 non
402 1616 601 1666 tamen
652 1604 851 1680 soluS,
908 1625 1139 1678 verum,
1186 1626 1261 1665 ne
1300 1602 1438 1687 quid
1481 1602 1554 1665 ad
1603 1603 1982 1666 simulacrum

72 1689 289 1752 Curiae
318 1689 546 1774 Regiae
580 1687 1048 1764 desideraretur,
1086 1686 1492 1751 adsidentibus
1509 1689 1846 1752 Nobilibus
1875 1691 1982 1753 Jo-

69 1774 430 1860 bagionibus
454 1773 725 1837 Eclesiae
756 1772 1034 1837 definivit.
1079 1776 1172 1836 De
1200 1773 1618 1860 provocatione
1648 1773 1719 1836 ad
1741 1774 1981 1837 Curiam

69 1860 323 1946 Regiam
358 1883 506 1922 usus
535 1883 653 1922 non
693 1857 984 1922 convenit.
1027 1861 1088 1921 A
1116 1858 1445 1922 Sententiis
1481 1859 1696 1922 Curiae
1728 1859 1980 1923 Archie-

65 1945 294 2033 piscopi
335 1944 813 2030 Strigoniensis,
860 1943 1222 2030 aliorumque
1260 1944 1516 2030 plurium
1567 1946 1981 2008 praelatorum

67 2032 266 2094 nullus
320 2029 380 2092 in
428 2053 716 2117 praesens
762 2054 952 2116 usque
1005 2029 1409 2116 provocationi
1446 2030 1644 2104 locus3
1690 2029 1804 2093 fide
1838 2053 1980 2092 vero

66 2116 372 2180 literarum
399 2116 454 2179 b.
485 2116 655 2179 Petri
697 2114 1349 2201 Quinqueeclesiensis,
1397 2114 1450 2177 si
1469 2114 1802 2202 Episcopus
1833 2119 1976 2200 ejas,

66 2203 161 2264 vel
194 2201 497 2266 Officiales
522 2198 819 2288 justi-tiam
853 2200 1350 2286 conquerentibus
1385 2199 1778 2285 denegarent,
1832 2201 1977 2287 Epi-

0 2296 14 2339 -ἓ-
67 2310 285 2375 scopus
314 2285 383 2349 ad
414 2290 667 2373 Regiam
700 2286 894 2374 potuit
919 2298 977 2349 et
1006 2285 1626 2372 debuitpraesentiam
1652 2309 1900 2349 evocarl.
1928 2292 1973 2364 ¹)

201 2477 244 2536 1)
287 2474 422 2525 Idem
447 2475 505 2524 ad
525 2475 766 2524 Eclesiam
792 2473 1161 2538 Zagrabiensem
1194 2473 1357 2536 viguit,
1392 2472 1612 2535 vigetque
1643 2472 1786 2520 etiam
1821 2486 1966 2519 nnnc.

899 2685 941 2759 g
990 2685 1124 2742 157.

293 2839 507 2903 partim
548 2838 843 2888 dominica
884 2842 1033 2895 erat,
1085 2841 1293 2898 estque
1331 2849 1484 2882 nunc
1522 2832 1729 2896 ipsum.

246 2986 572 3051 Notionem
627 2985 802 3071 hujus
862 2983 992 3047 dedi
1057 2982 1221 3045 alias.
1294 2986 1438 3047 Non
1495 2980 1692 3066 itaque
1745 2977 1958 3073 'faciam

62 3070 317 3155 longius
370 3072 662 3134 Tribunal
711 3072 853 3147 hoc,
899 3070 955 3131 in
994 3066 1426 3153 cognoscendis
1459 3068 1660 3153 etiam,
1708 3085 1761 3123 s1
1796 3074 1958 3148 pote-

63 3168 191 3217 stas
226 3153 370 3217 haec
400 3158 676 3255 Eclesiae
696 3180 803 3244 per
826 3159 1029 3240 Reges
1058 3155 1213 3216 facta
1240 3164 1362 3228 est,
1409 3148 1754 3237 capitalibus
1782 3169 1958 3232 quae-

7 3310 11 3318 ,
63 3239 377 3318 stionibuS,
405 3241 549 3313 nibil
572 3266 607 3304 a
625 3241 801 3305 slmili
821 3239 1207 3304 Dominorum
1227 3238 1468 3301 aliorum
1487 3235 1614 3297 foro
1634 3230 1955 3295 differebat.

62 3327 390 3411 Regestum
425 3325 816 3404 Varadiense,
863 3326 1018 3388 inter
1052 3322 1301 3410 plurima
1338 3315 1763 3413 dominicalium
1799 3316 1963 3402 judi--

63 3409 282 3485 ciorum
308 3410 646 3496 hujusmodi
677 3411 1054 3483 monimenta,
1091 3407 1248 3470 illius
1280 3407 1418 3468 item
1454 3414 1712 3467 servav1t
1739 3424 1954 3464 memo-

62 3497 240 3573 riam,
279 3497 431 3583 quod
458 3521 565 3584 per
589 3498 875 3562 Comitem
898 3493 1157 3557 Miskam
1185 3513 1313 3554 cum
1333 3488 1627 3632 Vilhelgig
1656 3487 1952 3574 Episcopo
