2384 3886
408 210 492 265 3⁰

405 345 479 408 ad
525 344 957 408 cancellariam
1004 332 1239 427 quoque
1282 345 1569 428 majorem
1609 343 1662 404 is
1698 342 1858 428 ipse5
1905 342 2004 427 qui
2040 341 2148 406 his·
2184 356 2335 430 opus

405 429 605 506 habet,
649 452 758 515 per
820 450 887 489 se
956 437 1302 512 apparatam
1354 426 1583 489 adferat
1602 475 1617 502 ‚
1685 450 1804 489 non
1858 438 1981 488 tam
2027 427 2331 504 existimo,

405 536 580 600 quam
627 512 795 574 video
822 510 1050 596 passim
1075 509 1138 572 in
1179 511 1514 597 quibusque
1547 511 1956 596 Diplomatum
2019 511 2337 597 speciebus

403 599 488 660 ita
520 598 656 660 olim
689 619 807 657 usu
845 595 1105 670 venisse,
1140 606 1207 656 ut
1239 596 1595 658 Cancellarii
1627 596 1897 680 plerique
1924 595 2115 658 vicem
2144 618 2335 672 suam,

404 682 478 743 ad
522 681 679 741 hunc
723 678 978 755 modum,
1025 679 1157 740 aliis
1203 679 1566 765 fungendam
1610 679 1768 742 haud
1830 680 2151 742 illubenter
2203 702 2336 766 per-

402 766 724 826 mitterent.
762 762 919 839 Quid
966 763 1178 849 plura?
1201 766 1419 827 Artem
1444 764 1648 848 cogita
1688 764 1869 826 nullis
1897 764 2081 827 certis
2114 762 2337 826 descri-

399 861 564 935 ptam
606 848 862 933 regulis,
923 846 995 910 de
1042 871 1158 933 qua
1202 849 1358 910 satis
1404 849 1519 911 erit
1562 847 1621 910 id
1666 872 1848 910 unum
1893 848 2120 911 dicere:
2166 870 2337 934 prae-

402 933 748 1019 ceptoribus
811 932 1242 1018 Diplomatices
1310 932 1520 995 literas
1584 956 1704 995 sec.
1763 936 1859 995 X1
1921 946 1982 996 et
2037 936 2165 995 ΧΠ
2233 954 2338 993 eas

401 1017 655 1079 maxime
700 1016 960 1102 probari,
1009 1040 1161 1101 quae
1204 1016 1504 1078 minimam
1552 1016 1703 1078 artis
1732 1027 1793 1077 et
1820 1017 2158 1102 palaestrae
2204 1039 2337 1102 spe-

403 1101 553 1165 ciem
596 1124 740 1188 prae
786 1123 853 1163 se
897 1101 1115 1163 ferunt.

1271 1302 1315 1378 g
1359 1305 1458 1361 28.

753 1453 812 1504 in
857 1452 1160 1518 Hungaria
1205 1452 1273 1502 de
1320 1468 1439 1503 sec.
1486 1453 1569 1504 XI.
1617 1453 1723 1504 XII.
1771 1470 1989 1520 pauca,

574 1614 839 1696 Majores
892 1610 1085 1674 nostri
1147 1623 1393 1698 accepta
1449 1623 1589 1697 post
1646 1612 1931 1675 subactas
1989 1616 2337 1679 Pannonias

402 1695 669 1783 praedia,
735 1719 842 1782 pro
891 1694 1270 1782 simplicitate
1315 1718 1544 1758 morum
1592 1699 1722 1781 ejus
1771 1699 2084 1794 temporis,
2130 1701 2336 1778 armis,

402 1805 521 1843 non
566 1781 756 1843 literis
805 1779 1130 1854 servanda3
1178 1803 1329 1866 quae
1376 1804 1518 1843 vero
1568 1778 1721 1843 dono
1767 1780 2104 1860 dedmsent,
2162 1786 2336 1847 tulis-

404 1877 678 1950 sentque,
726 1865 976 1928 solemni
1008 1865 1071 1926 in
1105 1888 1311 1928 eorum
1355 1865 1808 1951 possessionem
1844 1866 2152 1946 missione,
2198 1892 2336 1956 pac—

399 1950 566 2035 tique
606 1950 964 2012 santimonia
1010 1950 1161 2012 satis
1204 1962 1336 2012 tuta
1382 1949 1658 2012 arbitrati
1695 1973 1828 2012 cum
1857 1951 1997 2028 sint,
2045 1952 2143 2015 diu
2173 1955 2338 2017 nulla

400 2034 527 2097 fere
570 2034 976 2120 Diplomatum
1023 2057 1165 2096 cura
1209 2034 1584 2096 tenebantur.
1643 2034 1839 2098 Divus
1886 2035 2235 2123 Stephanus
2274 2039 2337 2100 in

401 2121 506 2181 Le
575 2118 747 2181 enda
804 2142 933 2181 sua
997 2126 1176 2205 (opus
1233 2131 1365 2181 erat
1409 2118 1676 2204 ejusdem
1721 2121 2089 2206 argumenti,
2157 2135 2337 2209 atque

400 2143 564 2266 illuf
579 2202 734 2289 apud
765 2204 1031 2288 Anglos‚
1079 2202 1234 2289 quod
1265 2203 1518 2280 tardius,
1565 2204 1770 2267 nescio
1816 2228 1891 2267 an
1926 2205 2106 2291 hujus
2144 2208 2336 2294 Regis

401 2287 732 2351 imitatione
800 2300 1179 2374 apparatum,
1246 2311 1405 2350 nunc
1459 2311 1693 2374 quoque
1749 2290 1985 2352 nomine
2037 2294 2334 2361 Dooms-

382 2371 731 2456 ssdeybook
781 2379 828 2451 1)
874 2380 1103 2452 exstat)
1137 2385 1333 2436 terras
1366 2395 1592 2450 omnes,
1639 2386 1701 2436 et
1739 2397 1891 2459 quae
1930 2398 2005 2438 ex
2034 2377 2337 2462 primaeva

401 2457 762 2519 tenebantur
829 2457 1217 2544 occupatione
1242 2507 1257 2534 ‚
1315 2457 1669 2538 (descensu)
1717 2470 1778 2521 et
1820 2482 1964 2523 vero
2011 2481 2161 2545 quas
2186 2461 2334 2548 ‚ipse

401 2540 553 2604 dono
600 2540 884 2619 dedisset,
931 2540 1249 2629 descripsit
1293 2542 1636 2617 universas3
1689 2549 1740 2623 2)
1771 2567 2201 2629 possessorum
2245 2558 2335 2609 ta-

539 2729 581 2786 l)
627 2727 765 2776 Anno
814 2722 972 2776 1783
1012 2725 1160 2791 jussu
1207 2726 1499 2791 parlamenti
1548 2743 1820 2792 procusum
1861 2728 2012 2792 typiS‚
2077 2735 2333 2793 peractum

401 2826 445 2860 a.
478 2807 635 2859 1081
667 2810 775 2858 vide
805 2810 965 2859 Hume
1001 2811 1238 2875 „History
1268 2813 1336 2860 of.
1367 2811 1595 2875 England
1636 2813 1731 2861 vol.
1765 2812 1804 2861 1.
1847 2812 1993 2876 chap.
2027 2806 2066 2861 4
2102 2818 2150 2872 §-
2191 2811 2331 2863 15.⁴⁴

536 2897 583 2955 2)
629 2894 700 2943 De
721 2894 814 2943 hac
849 2909 962 2942 cum
985 2894 1234 2944 Clenodiis
1260 2895 1402 2958 regni
1434 2895 1583 2944 Albae
1620 2896 1847 2960 deposita
1865 2896 1973 2945 vide
2003 2896 2073 2946 lit.
2108 2897 2234 2948 Lud.
2266 2898 2329 2948 11.

399 2980 459 3030 ad
486 2979 644 3043 Capit.
678 2978 887 3027 Albense
919 2994 963 3027 a.
994 2973 1152 3027 1349
1189 2985 1472 3043 „quatenus
1502 2979 1552 3028 in
1583 2979 1813 3044 Legenda
1845 2995 1886 3029 s.
1920 2980 2068 3045 Regis
2095 2981 2331 3046 Stephani

401 3066 515 3125 hoc,
562 3064 613 3112 in
646 3062 898 3127 quantis
936 3062 1092 3112 locis
1130 3063 1180 3112 in
1218 3078 1403 3127 regno
1456 3071 1670 3114 nostro
1715 3063 1990 3125 Nobiles,
2035 3065 2333 3132 Jobagio—

401 3164 507 3198 nes
543 3154 600 3197 et
633 3147 843 3212 populi
880 3148 1066 3196 castri
1113 3147 1298 3196 Craco
1335 3148 1530 3197 vocati
1572 3149 1889 3199 residentiam
1930 3150 2091 3200 facere
2129 3142 2327 3213 debent,

400 3241 458 3283 et
493 3234 551 3282 in
588 3231 747 3296 quali
783 3231 1066 3281 libertate
1111 3232 1403 3293 existunt,
1443 3233 1694 3297 requirere
1736 3233 1994 3283 debeatis“
2033 3241 2082 3284 et
2116 3250 2332 3299 respon-

399 3333 511 3367 sum
549 3315 761 3380 Capituli
803 3316 1081 3381 Legendam
1122 3331 1229 3365 eam
1276 3316 1507 3366 Carolum
1544 3317 1728 3381 Regem
1773 3318 1966 3368 Patrem
2011 3318 2118 3383 ejus
2155 3335 2214 3369 ex
2247 3335 2331 3370 sa-

402 3402 525 3451 cello
552 3401 659 3450 Ecl.
694 3401 926 3450 interiore
963 3402 1023 3451 ad
1060 3416 1112 3450 se
1148 3401 1399 3465 recepisse
1437 3402 1492 3451 C.
1528 3401 1657 3467 Dipl.
1691 3403 1775 3452 111.
1804 3420 1848 3453 v.
1878 3401 1930 3452 1.
1966 3418 2016 3467 p.
2052 3400 2189 3454 108.
2229 3404 2331 3454 Le-

304 3537 319 3553 -.
401 3486 610 3550 gendam
647 3485 788 3535 aliam
823 3502 913 3550 pro
950 3486 1238 3551 biographia
1283 3485 1388 3549 ejus
1426 3494 1639 3537 sumtam
1675 3488 1781 3537 vide
1825 3488 1893 3537 sis
1920 3487 2001 3537 IX.
2049 3485 2100 3536 1.
2144 3485 2282 3538 787.
2304 3478 2324 3490 N
