2384 3886
372 219 496 276 370

652 456 769 517 De
815 456 1252 517 reditibus
1300 459 1646 518 aerarii
1681 459 2027 537 publici.

1220 656 1262 736 g
1309 662 1447 720 177.

749 813 1052 863 Ordinarii
1085 813 1144 862 hi
1175 820 1230 863 et
1259 814 1726 864 extraordinarii
1757 822 1943 865 erant.

551 963 745 1024 Divus
792 961 1138 1047 Stephanus
1178 961 1432 1047 populos
1462 962 1737 1036 Eclesiae
1772 963 2304 1028 Pecsvaradiensis

382 1073 458 1127 „a
503 1047 952 1135 gravaminibus
991 1069 1099 1133 per
1135 1047 1485 1110 collectores
1534 1059 1655 1111 tam
1686 1048 2071 1128 victualium,
2130 1073 2304 1137 quam

380 1134 786 1210 denariorum,
842 1155 952 1194 seu
992 1132 1388 1218 quarumlibet
1428 1132 1676 1196 aliarum
1717 1135 2122 1214 exactionum,
2167 1148 2305 1199 tam

380 1222 446 1282 in
495 1217 889 1307 praesenti,
928 1241 1103 1303 quam
1129 1216 1198 1280 in
1228 1218 1464 1282 futuro
1497 1221 1784 1284 Gamerae
1817 1233 1879 1285 et
1899 1221 2079 1285 Fisco
2112 1221 2307 1308 regali

379 1303 845 1392 exigendarum“
867 1304 1107 1391 penitus
1129 1307 1361 1368 exemit.
1409 1305 1675 1369 Similem
1704 1306 1988 1371 Andreas
2010 1311 2089 1370 ΙΙ.
2121 1330 2305 1395 popu-

377 1392 454 1454 lis
504 1389 852 1454 monasterii
902 1390 972 1453 de
991 1394 1168 1477 juxta
1193 1393 1360 1454 Gron
1381 1391 1810 1456 immunitatem
1832 1393 2137 1470 „omnium
2171 1417 2306 1481 pro-

379 1490 691 1555 ventuum,
739 1488 799 1539 et
835 1474 1345 1553 commoditatum,
1393 1500 1545 1564 quae
1577 1478 1651 1541 ad
1683 1480 1915 1565 regiam
1937 1478 2306 1565 jurisdictio-

380 1587 513 1626 nem
560 1562 889 1650 pertinent,
935 1574 1056 1625 tam
1095 1561 1158 1624 in
1195 1561 1438 1626 tributis
1480 1576 1540 1627 et
1573 1563 1990 1642 descensibus,
2038 1588 2213 1652 quam
2245 1564 2308 1627 in

380 1650 586 1713 liberis
642 1648 903 1712 denariis
955 1661 1016 1712 et
1069 1647 1468 1735 ponderibus»,
1515 1673 1624 1713 seu
1675 1650 1807 1713 aliis
1854 1649 2307 1737 quibuscunque

382 1735 627 1812 debitis,
675 1758 827 1820 quae
863 1734 924 1796 in
960 1757 1182 1819 regno
1221 1735 1481 1811 solent,
1529 1747 1590 1799 et
1624 1748 1923 1822 possent
1954 1746 2307 1822 emergere“

382 1822 700 1884 concessit.
747 1824 815 1882 ln
845 1819 1316 1906 quolibetranno,
1346 1821 1429 1884 ait
1453 1822 1603 1885 Bela
1631 1825 1741 1885 lV.
1765 1822 1823 1884 in
1857 1821 2169 1909 privilegio
2206 1821 2309 1886 ho-

383 1906 641 1994 spitibus
689 1906 760 1969 de
804 1905 1115 1992 Luprecht
1155 1904 1291 1970 dato
1339 1906 1526 1983 „nihil
1566 1907 1763 1993 magis
1812 1909 2046 1972 solvere
2068 1921 2309 1976 tenean-

382 2005 513 2070 tur,
562 1991 679 2052 nisi
721 1991 782 2052 in
824 1991 980 2054 sesto
1019 2015 1066 2052 s.
1099 1991 1447 2070 MichaeliS,
1494 1993 1566 2056 de
1610 1993 1874 2079 qualibet
1911 2007 2087 2081 porta
2110 2002 2157 2075 1)
2193 1993 2308 2057 duo

383 2077 677 2165 pondera,
734 2088 794 2138 et
849 2099 980 2138 cum
1031 2077 1280 2138 collecta
1322 2080 1515 2163 Regis
1565 2101 1690 2163 per
1743 2091 1966 2142 totum
2017 2102 2311 2166 regnum

385 2163 674 2249 exigitur,
719 2160 836 2247 ipsi
867 2173 1097 2248 partem
1134 2161 1419 2225 collectae
1450 2163 1644 2227 dictae
1680 2164 1916 2228 solvere
1948 2174 2309 2229 teneantur“

383 2247 668 2336 Ejusdem
695 2246 878 2310 verba
900 2246 1092 2332 Regis
1125 2259 1267 2310 sunt
1286 2247 1347 2308 in
1372 2249 1533 2310 Priv.
1561 2250 1836 2313 Eclesiae
1868 2249 2321 2335 Strigoniensis'

387 2335 458 2398 de
497 2359 547 2397 a.
575 2341 740 2396 1263
780 2333 1043 2410 „nullam
1073 2333 1407 2410 collectam,
1453 2335 1678 2397 nullum
1707 2357 1951 2397 censum
1981 2336 2163 2399 Fisco
2196 2339 2311 2400 Re-

386 2421 489 2508 gia
507 2418 876 2507 aplicandum
894 2431 1150 2506 possunt
1178 2417 1378 2482 dicare
1394 2427 1444 2500 2)
1460 2433 1521 2484 et
1549 2420 1815 2506 exigere,
1837 2421 1932 2485 vel
1948 2422 2177 2485 lucrum
2196 2423 2311 2485 Ca—

387 2530 617 2584 merae,
665 2504 821 2592 quod
856 2528 1039 2592 super
1074 2505 1328 2592 populos
1364 2506 1621 2569 omnium
1658 2506 2099 2592 regnicolarum
2131 2502 2313 2594 quanss
2370 2521 2373 2523 “

529 2757 572 2816 1)
617 2754 710 2803 Pro
752 2754 906 2815 os1.i0‚
949 2753 1200 2803 exactione
1233 2743 1471 2805 ostiorum
1503 2755 1631 2820 apud
1663 2754 1939 2812 Roman05‚
1981 2755 2230 2819 fundoque
2261 2754 2340 2804 in‘

389 2840 636 2905 Hungaria
662 2855 762 2889 sec.
789 2839 918 2889 XIII.
955 2846 1125 2905 porta
1151 2840 1298 2889 scribi
1323 2841 1497 2905 caepit.
1531 2840 1587 2889 In
1605 2841 1814 2890 Verocze
1842 2840 2024 2903 (italit.
2054 2856 2097 2890 a.
2125 2834 2312 2901 1234)

390 2927 450 2976 de
485 2925 699 2991 qualibet
734 2924 871 2974 villae
908 2931 1050 2990 porta
1082 2931 1291 2990 quatuor
1321 2926 1564 2990 pondera3
1603 2926 1654 2975 in
1683 2925 1977 2991 Beregszasz
2010 2926 2069 2975 de
2101 2924 2317 2991 qualibet

391 3019 532 3077 porta
558 3012 653 3062 duo
685 3004 931 3076 pondera3
965 3011 1015 3059 in
1049 3010 1249 3060 Civitate
1283 3011 1521 3061 Crisiensi
1553 3015 1621 3074 (a.
1649 3008 1839 3080 1252)
1871 3027 1898 3061 a
1930 3010 2143 3077 qualibet
2171 3017 2314 3076 porta

392 3092 491 3147 [ιθ.
527 3099 639 3147 den.
693 3096 743 3145 Si
780 3095 995 3145 rusticus
1039 3093 1110 3162 (a.
1151 3093 1336 3158 1271)
1386 3097 1521 3146 solus
1561 3103 1720 3147 servat
1757 3112 1907 3147 unam
1948 3096 2145 3165 Curiam
2182 3097 2315 3146 inte-

395 3199 530 3247 gram
573 3199 661 3233 seu
701 3187 921 3248 portam,
966 3188 1015 3231 et
1053 3187 1186 3231 caret
1223 3182 1412 3243 tritico,
1453 3182 1694 3233 dicabitur
1730 3198 1821 3248 pro
1861 3182 2050 3234 duabus
2088 3181 2310 3248 capetiis.
2371 3212 2376 3219 ,

528 3285 574 3344 2)
621 3283 859 3343 Dicam,
900 3298 994 3331 usu
1025 3281 1353 3346 Diplomatum
1386 3282 1543 3344 idem,
1587 3282 1719 3348 quod
1750 3298 2134 3345 connumerare3
2178 3281 2313 3332 deri-

394 3375 532 3418 vatur
562 3384 588 3417 a
620 3368 751 3418 dica
783 3368 1034 3432 (portione
1065 3367 1263 3432 irrogati
1296 3368 1443 3419 debiti
1476 3371 1779 3434 censusque)
1812 3368 1953 3434 cujus
1979 3368 2080 3434 jam
2111 3367 2161 3417 in
2185 3366 2308 3433 priV.

397 3454 506 3502 Sax.
542 3454 762 3518 Transyl.
797 3454 856 3502 de
887 3470 931 3503 a.
971 3447 1132 3502 1224
1172 3454 1355 3504 mentio
1397 3455 1629 3515 „nunciis
1658 3470 1800 3516 vem,
1849 3470 1974 3520 quos
2013 3454 2114 3504 Rex
2144 3452 2203 3502 ad
2234 3450 2312 3500 di-
2374 3469 2384 3479 ⁴

394 3554 497 3586 cam
533 3539 854 3603 colligendam
888 3539 1168 3590 statuerit.“
2018 3547 2022 3550 ’
2382 3527 2384 3530 ’
