2384 3886
1971 244 2057 301 87

117 384 458 472 pugnacula
493 382 732 446 Hunnis
761 381 951 453 nulla3
996 381 1370 443 Hunnivar
1401 381 1557 444 enim
1588 382 1832 444 flumina
1865 395 2057 446 erant,

117 491 269 556 quae
313 469 444 531 sola
487 468 603 531 sibi
638 467 795 530 arcis
833 464 1027 527 instar
1058 488 1227 542 esse,
1273 466 1637 530 munimenta
1680 479 1883 530 cetera
1921 490 2056 555 pec-

117 567 248 618 tore
287 577 398 616 suo
437 550 747 627 contineri,
789 549 850 610 in
894 547 1126 612 alienae
1165 549 1597 634 quodammodo
1629 551 1908 638 ignaviae
1954 553 2057 616 oh-

20 672 23 674 *
117 638 533 702 tractationem
568 633 856 699 serebant.
898 639 953 712 ⁴)

117 885 448 945 excurrendo,
488 883 670 949 partim
702 891 982 950 opportune
1012 883 1293 935 recedendo
1326 891 1375 935 et
1404 900 1464 934 cx
1496 885 1637 951 equis
1661 886 1925 952 jaculando
1956 890 2056 939 im·-

116 984 340 1021 mensam
362 968 550 1034 passim
577 969 763 1019 edidise
784 969 984 1020 caedem
1007 969 1253 1035 perhibet,
1285 976 1536 1035 tamquam
1566 970 1646 1020 illa
1678 971 1895 1022 Socratis
1921 974 2053 1038 apud

114 1054 368 1105 Platonem
398 1052 450 1102 in
481 1052 701 1118 dialog0‚
743 1055 822 1104 cui
852 1054 1055 1104 Lacheti
1086 1070 1269 1104 nomen
1301 1054 1462 1116 dedit,
1502 1055 1648 1106 verba
1681 1056 1931 1121 „Scythae
1972 1057 2051 1107 di—

115 1145 296 1190 cuntur
339 1153 440 1187 non
486 1137 653 1188 minus
693 1139 1013 1204 fugiende,
1071 1154 1218 1204 quam
1263 1139 1647 1205 insequendo
1692 1147 1954 1206 pugnare“
2003 1149 2052 1192 et

115 1223 249 1290 quod
307 1223 369 1272 ad
425 1222 548 1272 haec
602 1222 793 1274 Laches
840 1224 1054 1274 reddidit
1111 1224 1342 1289 „equites
1382 1239 1500 1274 sane
1538 1225 1734 1276 illorum
1784 1226 1855 1276 sic
1904 1227 2053 1276 dimi-

18 1302 24 1309 *
116 1312 267 1359 cant“
314 1306 626 1373 interpretari
675 1313 726 1358 et
763 1308 1195 1361 consuetudinem*
1217 1324 1325 1359 eam
1363 1309 1618 1361 autoribus
1656 1311 1908 1376 assignare
1948 1311 2051 1362 suis

116 1393 273 1443 vellet.

246 1493 296 1554 ⁴)
340 1491 618 1542 Jornandes
660 1492 694 1542 l.
731 1489 785 1543 8.
837 1508 946 1559 cap.
985 1490 1082 1543 52.
1135 1508 1298 1557 „quas
1342 1492 1551 1543 Danubii
1595 1493 1779 1545 fluenta
1828 1502 2052 1560 praeter-

115 1583 304 1638 meant,
339 1592 464 1641 quae
491 1577 725 1639 (fluenta)
756 1578 913 1643 lingva
947 1593 1036 1629 sua
1066 1577 1109 1628 H
1119 1577 1370 1628 unnivar
1398 1577 1703 1643 appellant.“

987 1859 1030 1934 ς
1075 1860 1173 1916 24.

926 2023 1214 2088 vitiisque

280 2190 538 2250 Hunnos
589 2186 949 2248 Ammianus
1002 2207 1128 2270 cap:
1157 2188 1237 2247 11.
1283 2186 1320 2247 l.
1353 2192 1454 2248 31.
1493 2183 1641 2248 adeo
1684 2185 2047 2272 permutabi-

109 2273 200 2336 les
249 2283 310 2335 et
351 2271 533 2334 irasci
576 2271 784 2334 faciles
822 2282 1113 2347 testatur,
1159 2282 1228 2333 ut
1259 2270 1470 2334 ‘eodem
1511 2269 1829 2356 aliquoties
1873 2271 1966 2334 die
2012 2295 2048 2334 a

110 2355 292 2420 sociis
329 2356 493 2419 nullo
546 2355 822 2419 irritante
866 2378 1048 2442 saepe
1089 2354 1459 2434 desciscant,
1503 2353 1798 2442 iidemque
1847 2356 2046 2443 propi-

109 2441 334 2505 tientur
362 2440 596 2504 nemine
630 2440 904 2504 leniente.
969 2439 1160 2514 Ced03
1205 2463 1343 2502 nam
1375 2439 1486 2503 has
1518 2463 1725 2504 eorum
1760 2440 2047 2528 intempe-

107 2525 233 2587 rias
259 2525 530 2611 queritur
552 2526 731 2589 etiam
759 2524 1045 2599 Priscus3
1081 2531 1129 2605 1)
1161 2523 1493 2589 discordias
1528 2525 1603 2589 ad
1636 2524 1787 2589 haec
1826 2538 1888 2588 et
1919 2549 2046 2588 cre-

106 2609 218 2672 bra
275 2609 349 2672 ad
395 2608 606 2693 hostes
660 2610 1003 2695 transfugia
1054 2622 1241 2673 notat.
1318 2614 1555 2674 Graves
1606 2609 1809 2696 itaque
1861 2613 2046 2672 Prae-

107 2693 284 2758 fectis
328 2717 555 2782 poenas
605 2694 933 2770 dederunt,
990 2706 1050 2757 et
1091 2695 1448 2780 transfugae
1490 2693 1725 2780 quidem
1765 2692 1931 2757 reddi
1978 2717 2046 2758 se

108 2778 209 2865 qui
267 2778 682 2866 patiebantur,
752 2779 949 2842 crucis
1007 2778 1269 2842 damnati
1327 2779 1612 2867 suplici03
1671 2791 1844 2842 erant
1893 2780 2048 2842 enim

106 2863 244 3011 aliisl
282 2864 383 2950 qui
412 2863 611 2952 perire
646 2864 802 2953 apud
834 2863 1064 2928 alienos
1097 2863 1327 2950 gladio,
1371 2884 1547 2951 quam
1582 2863 1780 2928 redire
1804 2863 1878 2927 ad
1902 2887 2048 2927 suos

108 2970 203 3010 ma
249 2961 365 3013 ent.
415 2956 467 3029 2)
1309 2978 1319 2985 ·

244 3191 289 3250 ¹)
334 3189 391 3239 ln
429 3189 639 3241 Bericho
677 3192 780 3242 viro
819 3207 846 3241 e
879 3192 1106 3258 Scythiae
1137 3192 1414 3256 (Hunniae)
1444 3193 1746 3259 primoribus
1778 3191 2045 3242 multorum

105 3275 324 3324 vicorum
355 3273 422 3323 ibi
453 3274 653 3325 domino
685 3291 730 3326 c.
763 3276 826 3326 ΙΙ.
865 3282 896 3337 §
926 3275 1026 3327 22.

239 3376 287 3435 2)
336 3373 561 3423 Priscus:
612 3374 820 3425 Romani
868 3391 984 3427 vero
1026 3376 1212 3427 multos
1260 3392 1319 3427 ex
1364 3375 1616 3442 profugiS‚
1669 3374 1751 3438 qui
1799 3374 1910 3424 dedi
1959 3390 2043 3425 re-

48 3506 51 3507 γ
106 3458 415 3509 luctabantur
453 3459 782 3519 trucidarunt,
832 3459 961 3510 inter
999 3476 1125 3525 quos
1165 3467 1214 3511 et
1242 3461 1548 3511 Praefectum
1581 3458 1869 3523 Scytharum
1902 3459 2039 3524 Regii

106 3544 317 3607 generiS,
351 3543 433 3608 qui
466 3543 672 3594 militare
702 3543 793 3594 sub
825 3544 944 3594 Atila
973 3552 1243 3596 renuerunt
1262 3552 1311 3595 et
1342 3543 1575 3595 Romanis
1604 3559 1657 3594 se
1689 3543 2033 3609 adjunxerunt.
