2384 3886
426 179 548 241 164

425 319 789 396 rationibus,
850 340 1025 404 quam
1065 316 1393 380 invadenda
1442 317 1790 394 Germania,
1837 321 2008 404 cujus
2042 317 2338 406 praesidio

416 409 540 491 jam
567 403 841 467 Marchia
871 425 1103 490 quoque
1129 402 1434 466 orientalis
1470 403 1804 466 instaurata
1830 415 1996 466 esset
2013 451 2043 480 ,.
2073 403 2341 468 meditari

424 489 617 552 satius
643 488 824 551 duxit.
857 488 981 551 Sed
1005 487 1432 551 saluberrimus
1454 488 1872 576 experientiae,
1900 489 2342 576 sapientiaeque

426 578 556 660 ejus
611 576 844 636 fructus
888 587 1042 651 erat,
1101 573 1255 660 quod
1293 574 1475 637 filium
1517 577 1814 659 Geyzam,
1863 596 1979 660 qua
2014 574 2184 651 belli,
2209 598 2344 660 qua

427 659 626 747 pacis,
673 672 735 723 at
772 660 922 723 enim
951 659 1129 746 hujus
1152 661 1246 723 vel
1271 660 1522 723 maxime
1551 659 1854 723 informari
1879 660 2068 746 jussit
2100 659 2345 723 artibus.

1296 921 1338 996 g
1383 922 1481 980 57.

512 1091 707 1140 Prima
755 1087 1173 1154 propagandae
1210 1087 1289 1137 ad
1337 1087 1650 1151 Hungaros
1699 1087 1835 1138 fidei
1885 1087 2264 1140 Christianae

1288 1172 1482 1224 initia.

598 1356 902 1416 Auctores
945 1352 1094 1414 certi
1140 1352 1427 1438 scriptum
1465 1350 1863 1438 reliquerunt:
1905 1354 2033 1438 jam
2078 1352 2349 1430 Bulsum‚

429 1439 500 1502 de
559 1462 673 1525 quo
718 1461 875 1500 nunc
907 1437 1242 1501 admodum
1298 1436 1586 1514 diximus,
1644 1437 2019 1535 Gyulamque
2055 1439 2351 1523 Transyl-

427 1523 635 1588 vaniae
661 1527 922 1601 Ducem,
970 1523 1216 1587 consilio
1243 1536 1302 1587 et
1341 1547 1521 1610 opera
1553 1522 1931 1586 Constantini
1966 1524 2351 1610 Imperatoris

431 1614 816 1687 Graecorum,
854 1609 1370 1696 Constantinopoli
1403 1631 1576 1671 sacro
1608 1608 1884 1695 perfusos
1916 1609 2120 1686 latice,
2154 1609 2351 1672 Patri-

431 1696 771 1782 cioru-mque
819 1695 1153 1782 adscriptos
1201 1692 1390 1757 ordini
1415 1693 1627 1756 fuisse.
1672 1694 2020 1757 Doctrinam
2047 1694 2123 1756 iis
2153 1694 2350 1757 Theo-

428 1780 625 1868 philus
649 1831 664 1858 ,
710 1782 877 1844 urbis
916 1780 1073 1843 illius
1132 1780 1410 1844 Pontifex
1477 1779 1789 1867 impertiit,
1845 1779 2353 1867 redeuntibusque

430 1865 818 1931 Hierotheum
866 1865 1161 1953 adjunxit,
1226 1866 1324 1952 qui
1374 1865 1515 1929 sede
1573 1865 1632 1927 in
1683 1865 1871 1928 Dacia
1922 1866 2237 1944 collocata,
2283 1879 2343 1929 et

430 1954 558 2040 ipse
592 1966 652 2016 et
681 1953 830 2016 socii
863 1976 1036 2015 sacro
1066 1974 1308 2035 munere
1339 1975 1449 2014 suo
1476 1950 1953 2038 praeclarissime
1981 1952 2165 2016 functi
2193 1965 2350 2015 sunt.

430 2039 544 2101 His
578 2038 919 2124 magistris,
950 2041 1077 2124 jam
1108 2038 1350 2101 Sarolta
1365 2037 1484 2099 filia
1523 2038 1787 2122 Gyulae,
1843 2061 1993 2125 quae
2038 2051 2251 2126 postea
2289 2039 2346 2100 in

430 2148 638 2188 manus
682 2127 928 2210 Geyzae
974 2123 1167 2187 Ducis
1212 2123 1515 2201 convenit,
1572 2122 1797 2186 Christi
1838 2123 2016 2187 coluit
2061 2124 2253 2189 fidem.

977 2443 1286 2563 Geyza
1309 2512 1334 2552 ,
1397 2444 1604 2533 Dux
1665 2444 1813 2532 lv,

1309 2682 1352 2758 g
1394 2683 1493 2740 58.

457 2848 703 2898 Gentem
754 2848 819 2897 ab
868 2849 1117 2897 adsueta
1158 2849 1276 2913 jam
1324 2849 1645 2913 praedandi
1692 2847 1996 2910 luhedine‚
2047 2847 2113 2898 ad
2160 2847 2329 2925 pacis

1016 2934 1231 2983 ducere
1280 2934 1479 2983 studia
1527 2933 1767 2992 nititur,

608 3071 819 3153 Geyza
858 3080 994 3153 post
1040 3069 1162 3130 fata
1201 3067 1405 3131 Patris
1449 3070 1592 3130 Dux
1639 3068 1901 3145 electuS,
1948 3068 2096 3132 'dum
2143 3092 2346 3132 secum

438 3153 791 3231 considerat,
830 3153 1006 3216 etiam
1034 3176 1183 3239 quae
1209 3152 1471 3240 legitime
1497 3167 1669 3239 parta
1696 3167 1927 3231 essent,
1970 3155 2166 3242 perire
2190 3155 2348 3219 inter

437 3251 527 3302 tot
561 3240 844 3316 infestaS,
901 3239 1243 3325 damnisque
1281 3239 1407 3302 suis
1446 3240 1789 3326 expergitas
1830 3240 2101 3304 nationes
2139 3263 2343 3328 posse,

440 3324 552 3386 sibi
612 3325 764 3412 ipse*
802 3326 1108 3410 negotium
1178 3325 1276 3387 dat
1339 3327 1518 3411 longe
1587 3327 1899 3389 maximum
1924 3375 1938 3403 ,
1999 3325 2344 3424 bellicisque

438 3411 685 3472 Patrum
730 3411 1040 3474 laboribus
1073 3411 1255 3475 multo
1298 3410 1623 3475 difficilius:
1668 3412 1960 3499 imperare
1998 3411 2165 3496 genti
2199 3411 2343 3475 mhil

438 3516 628 3578 neque
651 3508 787 3581 post
810 3510 1084 3584 acceptas
1110 3497 1335 3574 clades,
1372 3521 1405 3560 a
1436 3497 1616 3584 priori
1642 3498 1859 3561 ferocia
1893 3497 2213 3574 remittenti
2242 3520 2341 3585 pa·
