2384 3886
351 225 473 282 196

339 367 464 450 jam
498 380 808 446 supremae
840 356 1188 444 potestatiS,
1235 359 1402 443 cujus
1438 375 1753 443 personam
1786 366 2053 440 gereret,
2073 373 2254 420 ’seve-

348 446 584 508 ritatem
636 443 872 528 vimque
913 439 1192 506 adhibere
1245 441 1629 506 constitutum
1667 438 1794 503 fuit.
1853 442 1949 502 Ex
1976 441 2256 506 utralibet

347 553 471 595 rem
503 541 672 617 parte
703 540 970 614 spectes»,
1016 540 1285 615 tempora
1319 539 1518 605 erant,
1571 548 1818 613 quorum
1843 547 1954 588 nec
1980 524 2122 588 vitia
2146 549 2257 590 nec

350 615 641 692 remedia,
697 614 861 699 velut
911 613 1161 676 invicem
1211 613 1573 690 truculenta,
1644 610 1793 673 satis
1847 609 2051 696 aequis
2103 634 2259 675 nunc

352 700 596 765 auribus
662 699 1044 787 accipiuntur.
1139 697 1535 763 Obnitebatur
1596 697 1795 782 Gyula
1860 700 2003 759 Dux
2066 699 2259 759 Tran-

351 788 758 873 sylvaniae31)
803 784 1135 849 Tonuzoba
1162 784 1330 861 item,
1377 795 1437 848 et
1467 781 1798 848 Ochtumus
1831 781 2125 845 libertatis
2157 781 2258 844 oh-
2343 802 2347 839 ρ

349 885 520 937 tentu
571 872 761 936 celata
809 871 985 957 regni
1031 867 1248 931 invidia
1290 892 1408 932 non
1449 867 1684 953 juberi,
1736 891 1855 931 non
1898 866 2033 953 regi
2073 866 2255 955 passi.

353 957 459 1022 Ad·
493 958 603 1022 hos
647 957 840 1021 odium
878 954 1214 1043 praesentis
1259 977 1458 1017 rerum
1498 965 1692 1016 status
1734 955 1951 1017 multos
1984 952 2259 1040 perpulit,

351 1068 484 1108 cum
507 1043 721 1131 quihus
734 1045 860 1129 jam
878 1063 1133 1104 excussa
1156 1039 1312 1103 omni
1333 1038 1666 1102 reverentia
1688 1039 1916 1126 fideque
1938 1039 1998 1100 in
2026 1050 2258 1102 contra-

352 1130 503 1193 rium
540 1128 896 1216 praecipites
915 1125 1274 1188 ferebantur.
1320 1123 1486 1188 Vicit
1511 1123 1620 1187 hos
1643 1148 1874 1211 quoque
1897 1123 2258 1211 Stephanus,

352 1229 412 1280 et
423 1214 852 1279 Thonuzobam
873 1210 1104 1298 quidem
1123 1207 1591 1296 Ochtumumque
1607 1223 1821 1285 morte3
1847 1211 2103 1296 Gyulam
2123 1233 2259 1296 per-

351 1300 546 1389 petuis
576 1299 871 1361 reclusum
901 1295 1272 1374 carceribus»,
1319 1296 1822 1382 Transylvaniae,
1855 1294 2086 1383 Arpadi
2122 1295 2259 1359 olim

351 1385 660 1475 auspiciis»,
706 1406 1110 1470 concessuque
1142 1394 1538 1470 comparatae,
1580 1381 1899 1446 amissione
1927 1379 2257 1456 mulctavit3

354 1472 568 1536 Carolo
611 1474 696 1535 M.
749 1469 847 1557 qui
901 1469 1026 1533 fere
1075 1468 1263 1531 solum
1303 1467 1376 1530 ad
1420 1466 1804 1555 proferendos
1842 1479 1944 1530 aut
1972 1464 2259 1554 aptandos

352 1557 583 1647 imperii
635 1557 789 1619 fines
831 1555 960 1643 pari
1011 1578 1160 1617 usus
1208 1566 1302 1617 est
1355 1553 1705 1631 severitate,
1759 1552 2148 1617 sanctimonia
2199 1565 2259 1616 et

354 1644 649 1731 aequitate
687 1665 900 1706 causae
939 1639 1291 1704 excusatior.

491 1895 534 1953 1)
579 1891 651 1941 Ex
687 1890 902 1941 Zumbor
938 1890 1084 1940 fratre
1125 1888 1302 1954 Gyulac
1333 1887 1491 1938 soceri
1522 1886 1570 1936 (1.
1613 1884 1846 1953 Stephani
1887 1884 2096 1950 genituS.
2144 1883 2254 1934 Not.

354 1979 410 2027 B.
445 1978 505 2030 R.
545 1993 651 2043 cap.
687 1974 783 2025 27.

1214 2199 1256 2275 §
1303 2201 1398 2257 11.

395 2370 521 2431 His,
565 2376 622 2419 et
659 2369 1002 2420 nominatim
1043 2367 1221 2432 Gyula
1261 2365 1668 2431 Transylvano
1707 2365 1887 2427 victo,
1932 2362 2215 2413 ditionem

927 2454 1055 2520 ejus
1093 2451 1428 2518 Hungariae
1463 2452 1681 2517 junxit.
2095 2445 2102 2454 ”

521 2622 615 2683 Ex
664 2619 777 2683 hoc
837 2617 1025 2704 igitur
1071 2630 1338 2705 tempore
1399 2614 1841 2701 Transylvania
1909 2611 2260 2699 Hungariae

347 2709 587 2793 juncta,
642 2718 700 2769 et
733 2729 840 2792 per
874 2705 925 2768 d.
963 2702 1331 2791 Stephanum
1364 2702 1618 2765 Zoltano
1638 2750 1654 2778 ‚
1701 2722 1883 2787 aeque
1924 2723 1998 2762 ex
2030 2697 2259 2786 Arpadi

354 2791 668 2879 progenito
692 2791 901 2878 stirpe,
933 2787 1290 2853 moderanda
1318 2787 1560 2865 credita,
1592 2810 1700 2874 per
1720 2784 2083 2849 recentiores
2114 2782 2259 2847 scri-

352 2890 555 2965 ptores
587 2877 906 2964 plerosque
947 2874 1009 2937 in
1038 2873 1217 2938 tertia
1261 2872 1609 2959 Hungariae
1648 2884 1818 2959 parte
1870 2883 2258 2968 computatur,

354 2987 503 3050 quae
543 2961 749 3027 deinde
781 2959 1052 3023 Ducibus
1087 2958 1615 3047 primogenitisque
1653 2961 1887 3045 Regum
1929 2956 2067 3020 fillis
2108 2955 2258 3019 assi-

351 3049 524 3136 gnari
555 3046 876 3112 consuevit.
912 3052 960 3126 1)
1988 3055 1992 3060 '

741 3205 860 3213 ————

485 3299 529 3358 ¹)
573 3295 642 3346 De
682 3295 829 3345 veteri
867 3294 1012 3361 hujus
1052 3294 1251 3344 nomine
1291 3293 1451 3344 latinis
1483 3290 1982 3359 Ultrasylvaniae,
2022 3275 2254 3354 hungaris

352 3382 611 3431 Erdeulu
641 3381 746 3431 vide
778 3381 929 3431 Thur.
964 3381 1018 3431 P.
1051 3381 1114 3430 ll.
1157 3396 1201 3430 e.
1238 3377 1343 3439 29,
1380 3376 1476 3430 30.
1518 3379 1660 3429 Belae
1690 3379 1748 3428 R.
1781 3378 1893 3428 Not.
1935 3391 1978 3427 c.
2017 3371 2118 3434 11,
2153 3370 2252 3435 25,

355 3464 451 3527 26,
486 3465 581 3516 27.
617 3467 815 3518 Cornid.
840 3467 978 3517 vind.
1004 3466 1186 3516 Notarii
1206 3465 1350 3528 illius,
1385 3482 1496 3515 cum
1523 3481 1618 3531 quo
1643 3471 1805 3515 tamen
1827 3471 2017 3512 nomen
2047 3457 2252 3510 Ultra-

352 3551 646 3615 sylvaniae
675 3559 788 3617 post
818 3552 981 3603 Belam
1013 3552 1088 3602 IV.
1122 3553 1317 3618 penitus
1347 3551 1610 3602 exolevisse
1642 3550 1736 3601 dici
1765 3544 1949 3614 nequit.
