2384 3886
1945 204 2026 258 43

101 355 250 419 tant,
311 341 422 404 hoc
460 339 863 426 imprudentes
905 348 1127 422 agunt,
1187 349 1253 399 ut
1290 338 1483 422 palam
1521 338 1771 415 faciant,
1819 338 1891 400 de
1936 362 2027 400 re-

147 440 278 490 esto
313 426 422 489 hoc
455 449 573 488 non
613 435 897 486 constare·
928 421 1066 496 sibi3
1115 445 1190 485 ex
1220 420 1333 483 hoc
1367 423 1521 487 enim
1558 423 1673 486 alia
1717 422 1909 485 omnia
1945 421 2029 485 di-

96 451 405 588 dicissent,
453 531 601 595 quae
639 528 998 592 percensere
1032 530 1151 568 non
1187 518 1283 568 est
1317 505 1492 592 hujus
1527 507 1656 570 loci.

462 677 530 738 2.
574 675 677 737 De
719 674 1017 756 Corpore
1053 676 1246 738 Juris
1286 678 1665 761 Hunyarici.

972 849 1014 924 ς
1058 851 1158 908 4ο.

163 1003 301 1052 Pars
342 999 521 1065 hujus
551 980 877 1065 praecipua
924 998 1090 1063 leges
1140 1007 1308 1061 sunt,
1363 999 1633 1066 publicis
1681 1000 1964 1051 Comitiis

913 1098 1222 1160 conditae3

270 1261 342 1320 In
373 1281 441 1322 re
471 1257 830 1343 pervulgata
859 1257 1080 1320 multus
1120 1281 1258 1322 esse
1286 1256 1490 1332 nolim3
1536 1270 1768 1322 tantum
1796 1280 2033 1321 moneo:

100 1342 418 1422 „Decretis
445 1391 460 1419 ,
535 1342 1060 1405 constitutionibus
1103 1354 1162 1405 et
1209 1343 1478 1405 articulis
1534 1346 1771 1428 Regum
1829 1340 2039 1428 inclyti

98 1427 275 1514 regni
305 1426 679 1512 Hungariae,
725 1426 800 1489 ab
839 1450 992 1489 anno
1035 1426 1280 1489 Domini
1323 1432 1487 1490 1035
1533 1427 1607 1490 ad
1645 1449 1862 1489 annum
1899 1438 2040 1513 post

100 1511 655 1598 sesquimilesimum
705 1511 1135 1598 octogesimum
1185 1510 1428 1575 tertium
1454 1561 1468 1589 ,
1542 1510 1796 1598 publicis
1844 1512 2039 1574 Comi-

99 1598 198 1661 tiis
244 1597 462 1660 editis⁶⁶
507 1596 593 1659 ita
634 1597 927 1658 Nicolaus
971 1600 1028 1658 T
1033 1596 1304 1682 elegdius
1349 1609 1408 1660 et
1451 1593 1784 1660 Zacharias
1832 1600 2040 1659 Moso-

101 1681 267 1745 czius
313 1681 526 1743 summi
562 1680 675 1743 viri
713 1682 1076 1745 collectanea
1111 1705 1222 1744 sua
1257 1704 1411 1744 anno
1446 1687 1614 1744 1584
1653 1702 1911 1768 procusa
1942 1693 2038 1766 ty-

100 1767 194 1854 pis
240 1767 606 1852 apellarunt,
651 1766 981 1829 Martinum
1011 1769 1115 1829 Sz.
1147 1767 1490 1851 Ivanyium,
1531 1766 1668 1828 dum
1704 1765 1853 1828 haec
1884 1788 2039 1827 anno

104 1858 271 1914 1696
316 1863 588 1936 quartum
632 1852 799 1936 prelo
840 1851 1381 1928 committerentur,
1429 1850 1781 1937 Corporis
1832 1851 1878 1914 J
1886 1848 2039 1912 uris

98 1935 502 2020 Hungarici
549 1935 906 2020 praefixisse
943 1936 1196 1998 titulum.
1257 1941 1388 1998 Hoc
1430 1936 1630 2021 itaque
1679 1935 1825 1998 solis
1875 1933 2042 1997 initio

98 2020 336 2104 legibus
380 2020 619 2105 scriptis
669 2019 1115 2097 continebatur,
1179 2020 1258 2082 iis
1301 2020 1603 2096 videlicet,
1671 2020 1742 2084 de
1794 2043 2042 2106 quarum

98 2105 321 2167 tabulis
381 2104 731 2167 Duumviris
783 2104 901 2167 illis
946 2104 1218 2168 innotuit.
1271 2108 1363 2168 At
1404 2104 1560 2168 enim
1600 2104 1835 2181 harum,
1892 2128 2042 2190 quae

99 2190 274 2275 paulo
309 2189 546 2252 fuerant
596 2189 980 2267 vetustiores,
1025 2213 1168 2275 pars
1214 2212 1318 2252 eos
1355 2190 1611 2251 maxima
1644 2190 1835 2266 latuit,
1886 2202 2043 2252 erat*

28 2325 33 2327 μ
101 2295 213 2358 que
248 2295 394 2336 sane
437 2274 553 2351 diu,
603 2297 734 2335 cum
771 2275 933 2336 nulla
966 2297 1158 2359 neque
1198 2276 1447 2337 aliorum
1484 2297 1666 2358 opera
1698 2274 1771 2335 ad
1796 2274 1908 2335 has
1939 2275 2043 2336 fie-

100 2371 193 2421 ret
241 2360 522 2420 accessio.
583 2358 893 2443 Singulari
933 2359 1182 2421 Martini
1230 2358 1481 2444 Georgii
1519 2357 1912 2421 Kovachichii
1954 2359 2041 2420 in-

101 2442 365 2505 dustriae
409 2442 512 2505 illa
554 2456 796 2505 servata
836 2443 1071 2506 videtur
1106 2443 1364 2520 fortuna,
1410 2456 1478 2506 ut
1522 2466 1699 2528 quum
1739 2456 1931 2506 totum
1975 2466 2044 2505 se

103 2527 443 2589 reserandis
503 2526 892 2612 diplomaticis
951 2527 1239 2591 historiae
1289 2532 1722 2613 Hungarorum
1767 2529 2043 2615 politicae

106 2610 368 2673 fontibus
406 2611 594 2686 daret,
641 2611 701 2673 id
737 2613 969 2674 demum
1005 2625 1490 2697 consequeretur,
1534 2613 1789 2698 plurima
1816 2626 1883 2674 ut
1910 2634 2040 2674 eru-

105 2707 235 2758 eret
262 2698 498 2779 Regum
532 2697 799 2758 Decreta
833 2696 1261 2781 antiquissima.
1321 2699 1488 2792 Quae
1521 2718 1630 2781 per
1673 2719 1807 2758 eum
1855 2695 2044 2759 diver-

0 2794 3 2859 ζ
103 2778 191 2841 sis
246 2780 494 2864 vulgata
540 2779 937 2865 temporibus,
962 2830 968 2837 ,
993 2780 1152 2842 filius
1194 2803 1313 2844 non
1342 2780 1646 2843 diss1milis
1663 2781 1842 2867 patri,
1873 2780 2047 2855 libro,

0 2938 2 2949 ξ
106 2887 279 2948 quem
345 2864 679 2949 syllogen
753 2867 1223 2929 Decretorum
1286 2865 1757 2928 Comitialium
1823 2863 2047 2948 Inclyti

104 2947 279 3032 regni
327 2948 686 3034 Hungariae
745 2948 1088 3035 inscripsit,
1152 2951 1495 3035 complexus
1538 2964 1650 3014 est.
1724 2957 1771 3030 1)
1833 2952 2044 3033 Leges

104 3031 245 3107 hae,
289 3033 405 3094 luci
437 3032 706 3096 redditae
732 3034 993 3112 tardius,
1041 3034 1456 3098 auctoritatem
1489 3034 1602 3096 fori
1642 3058 1760 3096 non
1792 3033 2043 3104 habent3

5 3123 8 3157 ἶ
104 3114 180 3178 ad
225 3115 534 3178 historiam
583 3131 784 3182 tamen
842 3131 1039 3182 status
1077 3118 1370 3205 Jurisque
1413 3119 1632 3204 publici
1690 3116 2045 3201 Hungariae

105 3199 327 3262 faciunt
357 3212 620 3279 tantum,
665 3215 734 3266 ut
765 3202 840 3266 ab
875 3202 973 3266 his
1008 3202 1241 3268 demum
1274 3203 1524 3269 detectis
1562 3227 1633 3267 ea
1661 3204 2047 3267 efloresceret

10 3316 11 3319 ¹
107 3283 338 3347 laetius

246 3468 289 3526 ι)
336 3465 468 3516 Edit.
502 3467 634 3518 Pest.
669 3484 713 3517 a.
756 3464 934 3519 1818.
