2384 3886
2 564 12 590 ,ἶ
64 519 132 570 ut
164 506 279 568 sibi
316 507 472 570 filius
515 509 723 568 Toxus
763 529 813 567 a.
846 512 971 568 947
1012 504 1463 590 subrogaretur.
1518 508 1665 584 Hic,
1721 521 1787 571 ut
1826 518 1975 586 erat,

1855 197 1976 255 163

58 358 142 399 -ne
184 333 299 398 hoc
335 334 510 400 etiam
556 333 958 423 providentiae
1006 356 1228 419 genere
1267 339 1451 399 Patre
1498 334 1740 399 inferior
1793 347 1976 415 esset,

26 411 34 452 ⁴²
67 421 518 485 Communitatis
551 420 892 484 convocavit
925 419 1265 494 consilium,
1301 423 1752 508 impetravitque
1783 422 1975 501 facile,

65 591 327 655 moribus
358 615 559 679 asper,
603 590 1037 675 bellorumque,
1084 589 1259 652 etiam
1294 591 1429 653 dum
1458 594 1618 655 nulla
1652 591 1975 678 probabilis

0 683 20 723 ἕῑ
64 689 408 776 suppeteret
452 698 662 751 causa,
719 674 1270 762 appetentissimus,
1323 677 1502 773 ⁸plura
1536 689 1595 740 et
1627 679 1976 742 adolescens

65 774 125 824 et
157 786 248 825 v1r
278 761 471 849 gessit
507 759 815 836 audaciae,
863 784 1036 846 quam
1073 759 1399 823 fortitudini
1447 760 1738 848 propiora.
1801 768 1977 850 Mag-

62 871 286 934 noque,
331 857 396 910 ut
426 847 523 923 fit,
570 846 759 909 Ducis
809 846 1014 908 vitium
1054 844 1195 922 hoe,
1232 858 1290 908 et
1322 846 1681 910 inflammata
1707 873 1814 935 per
1845 873 1977 913 eum

0 955 2 957 ’
61 932 212 1024 apud
250 931 680 995 multitudinem
712 931 996 1019 pecuniae
1029 930 1193 1007 sitis,
1236 932 1402 1029 genti
1443 930 1754 997 universae
1792 936 1976 997 stetit.

60 1021 128 1079 ln
184 1017 357 1080 ltalia
411 1017 766 1080 factionibus
812 1017 969 1080 inter
1016 1014 1368 1079 Lotharlum
1428 1030 1487 1080 et
1544 1019 1977 1105 Berengarium

48 1102 344 1189 juniorem
401 1102 626 1180 scissa,
686 1103 1123 1189 Germaniaque
1187 1103 1448 1166 secunda
1511 1128 1659 1167 usus
1718 1106 1976 1182 fortuna,

63 1211 214 1252 anno
261 1196 383 1252 953
431 1188 617 1264 bello,
678 1188 833 1274 quod
892 1189 1048 1251 inter
1100 1189 1379 1251 Ottonem
1428 1194 1572 1276 lmp.
1619 1202 1679 1253 et
1730 1191 1975 1254 Luidol-

60 1271 238 1360 p‘hum
269 1273 478 1350 filium,
507 1296 911 1359 generumque
946 1272 1282 1336 Conradum
1317 1275 1572 1351 exarsit,
1614 1299 1723 1361 per
1750 1276 1861 1339 hos
1890 1276 1976 1338 in-

62 1360 437 1447 terpellatuS,
484 1358 867 1446 perlubenter
901 1371 1090 1422 semet
1123 1358 1433 1445 implicuit:
1482 1359 1587 1423 sed
1630 1385 1702 1424 ex
1734 1361 1846 1425 hoc
1882 1386 1978 1424 so-

60 1445 176 1507 lam
215 1445 340 1508 fere
383 1443 666 1507 saevitiae
708 1444 949 1521 famam,
997 1444 1112 1507 alia
1144 1468 1286 1507 vero
1326 1446 1385 1506 in
1420 1447 1732 1508 Bavariam
1769 1471 1818 1510 a.
1849 1454 1974 1511 955

60 1528 310 1593 adducta
365 1528 771 1617 expeditione,
830 1530 985 1617 quod
1034 1552 1174 1617 non·
1187 1533 1315 1615 jam
1356 1554 1430 1593 ex
1472 1532 1693 1595 virtute
1728 1532 1975 1596 militum

59 1616 296 1678 fortuna
349 1639 415 1678 se
475 1615 664 1693 dedit,
728 1614 800 1678 ad
851 1619 1199 1702 Augustam
1245 1615 1694 1680 Vindelicorum
1752 1618 1976 1681 cladem

58 1701 294 1778 retulit,
339 1724 458 1764 non
497 1699 649 1764 hanc
685 1700 944 1787 quidem,
993 1725 1142 1788 quae
1178 1703 1595 1765 nonnullorum
1634 1704 1828 1790 opinio
1862 1715 1975 1780 est,

58 1786 515 1863 internecinam,
575 1786 682 1849 sed
733 1785 1085 1850 desideratis
1123 1799 1465 1850 nostrorum
1506 1789 1801 1875 plurimiS,
1878 1789 1977 1852 ad-

60 1871 295 1935 modum
327 1896 602 1958 gravem,
643 1871 891 1958 suplicio
923 1897 1093 1950 vero,
1144 1873 1299 1958 quod
1333 1872 1524 1937 hostis
1560 1874 1748 1937 victor
1769 1875 1976 1948 Leele,

59 1958 362 2045 Bulsoque
396 1957 669 2021 Ducibus
712 1959 900 2045 captis
936 1957 1258 2044 irrogavit,
1307 1958 1481 2021 etiam
1514 1960 1804 2022 infamem.

910 2167 951 2244 5
1014 2166 1115 2224 56.

556 2333 808 2383 animum
848 2332 914 2382 ad
957 2333 1194 2382 mitiora
1238 2331 1474 2398 adjecit.

229 2483 357 2542 Has
396 2503 593 2543 rerum
636 2480 826 2557 viceS,
867 2502 985 2544 non
1030 2482 1213 2544 multo
1257 2493 1425 2567 post,
1484 2479 1770 2544 territorii
1809 2485 1973 2543 Hun—

61 2565 300 2651 gariae,
360 2589 475 2652 qua
522 2567 678 2628 ultra
730 2569 1003 2629 Anasum
1054 2567 1436 2642 tendebatur,
1484 2570 1724 2652 jactura
1768 2579 1975 2629 secuta

62 2674 192 2713 cum
240 2651 346 2725 sit3
405 2653 648 2728 ToxuS,
702 2675 775 2713 ne
829 2652 965 2714 dum
1020 2652 1212 2714 aliena
1262 2652 1622 2714 labefactare
1674 2665 1976 2739 pergeret,

62 2760 171 2799 sua
215 2735 449 2824 penitus
503 2737 847 2814 subvertat,
909 2735 1161 2799 animum
1201 2736 1272 2800 ad
1331 2738 1668 2823 paccatiora
1733 2737 1973 2824 adpulit.

60 2821 334 2885 Bissenis
389 2821 602 2908 igitur,
660 2826 827 2885 Duce
877 2820 1249 2886 Thonuzoba
1284 2823 1382 2909 qui
1415 2822 1801 2900 advenerant,
1835 2823 1976 2886 sede

63 2906 136 2969 ad
166 2907 475 2970 Tibiscum
506 2908 843 2994 assignata,
877 2915 922 2989 1)
981 2908 1051 2971 de
1075 2912 1282 2995 justae
1317 2907 1594 2996 deinceps
1615 2907 1974 2973 defensionis

200 3095 242 3154 l)
287 3090 479 3143 Bisseni
508 3094 559 3143 hi
591 3092 900 3145 discernendi
933 3102 1047 3145 sunt
1077 3095 1137 3144 ab
1170 3096 1254 3156 iis,
1289 3111 1413 3161 quos
1443 3102 1569 3144 teste
1599 3092 1798 3143 Notario
1831 3091 1973 3141 Belae

63 3176 209 3242 Regis
246 3177 348 3244 jam
388 3178 616 3228 Zoltanus
653 3180 775 3229 ultra
816 3181 970 3231 lutum
1010 3180 1184 3230 Moson
1225 3181 1504 3240 collocavit,
1555 3195 1654 3228 non
1696 3178 1795 3242 jam
1836 3177 1972 3226 novis

65 3263 198 3313 villae
242 3279 436 3328 quoque
479 3264 617 3324 olim,
677 3279 808 3314 nunc
846 3265 1028 3329 praedii
1067 3266 1440 3326 Flancsendorf,
1501 3265 1866 3326 vicinorumque
1914 3262 1973 3311 ad

66 3347 321 3399 Wolfsthal
357 3349 575 3398 Austriae
617 3348 995 3399 monticulorum
1036 3346 1121 3412 (C.
1155 3351 1214 3400 D.
1257 3352 1340 3401 III.
1384 3368 1427 3399 v.
1464 3347 1518 3397 2.
1560 3364 1610 3412 p.
1648 3343 1748 3408 59)
1779 3347 1968 3409 incoliS,

70 3441 152 3483 aut
190 3434 365 3499 quibus
405 3443 536 3483 terra
573 3433 878 3499 Legingthou
918 3434 1127 3498 (Katona
1166 3436 1291 3486 Hist.
1334 3436 1452 3484 Crit.
1496 3434 1551 3482 T.
1585 3431 1638 3482 V.
1679 3447 1788 3497 pag.
1826 3427 1971 3494 241)

68 3516 390 3583 habitabatur.

1516 3602 1536 3651 1
1558 3601 1581 3652 1
1605 3598 1629 3625 *
