2384 3886
370 197 491 252 122

367 330 640 394 Marusio
690 326 764 390 ad
804 322 1148 388 Danubium
1186 346 1378 408 usque
1417 318 1823 407 imperitabat,
1879 315 1953 379 ad
1993 317 2297 381 Temesim

368 415 656 477 devictus
722 415 1072 495 Pugnatum
1103 406 1313 470 deinde
1356 429 1488 468 cum
1542 405 1766 467 Salano
1814 414 1874 465 et
1910 401 2299 466 auxiliaribus

369 498 639 574 Graecis,
702 493 1137 578 commissoque
1174 490 1249 554 ad
1289 492 1484 578 Alpar
1517 489 1639 551 acri
1675 486 1921 576 proeliO,
1966 487 2139 572 regio
2179 508 2299 550 om-

366 583 481 660 nis,
524 604 674 667 quae
702 579 951 642 Tibisco
981 577 1381 663 Danubioque
1409 577 1665 640 obducta
1694 599 1908 640 versus
1934 576 2302 639 Polonorum
2328 626 2330 629 .

365 665 895 749 Ruthenorumque
920 663 1072 727 fines
1107 662 1398 739 tenditur,
1476 662 1537 724 in
1581 666 2014 747 Hungarorum
2056 659 2302 723 redacta

366 763 744 837 potestatem.
788 752 1248 811 Menumorotus
1291 760 1351 810 et
1384 747 1484 832 qui
1525 746 1625 808 alii
1660 744 1984 824 Temesim,
2030 744 2299 821 Alutam,

366 836 736 912 Marusium,
805 832 1066 896 Crisium
1096 845 1156 896 et
1194 831 1505 894 Tibiscum
1559 831 1943 907 accolebant,
2005 840 2301 917 petentes,

369 920 524 983 datis
594 943 719 1007 per
770 918 1100 981 meliores
1153 916 1601 979 habitatores
1659 928 1903 979 terrae
1946 916 2007 978 in
2059 915 2345 979 obsides·

367 1005 507 1067 filiis
534 1054 549 1081 ,
619 1005 681 1066 in
731 1003 906 1066 fidem
954 1001 1194 1087 recepti.
1256 1004 1559 1063 Fecerunt
1591 999 1746 1063 idem
1784 1000 2101 1064 Marahani
2143 1002 2303 1064 ultra

366 1089 582 1175 l‘polim
623 1102 683 1152 et
717 1091 983 1152 Granum
1024 1085 1098 1147 ad
1134 1086 1440 1161 Zsitvam,
1508 1088 1903 1171 Vagumque,
1961 1087 2070 1150 sed
2108 1087 2302 1149 animo

368 1174 526 1236 haud
569 1174 745 1259 paulo
792 1172 990 1255 magis
1034 1170 1255 1247 invito,
1301 1193 1412 1232 nec
1461 1169 1668 1255 priUS,
1716 1194 1890 1256 quam
1931 1171 2005 1234 ad
2038 1172 2305 1235 Nitriam

369 1257 672 1333 debellati,
721 1256 945 1342 spebus
991 1254 1120 1317 suis
1162 1254 1542 1318 excidissent.
1596 1255 1911 1318 Pannonia
1946 1259 2304 1344 Szvatoplu-

370 1342 465 1403 chi
513 1354 574 1404 et
614 1340 752 1403 huic
792 1340 1046 1427 proximi
1087 1339 1486 1403 Carantaniae
1529 1340 1682 1402 fines
1724 1342 2012 1427 postremi
2043 1341 2303 1419 subacti,

369 1428 462 1488 vel
505 1426 732 1513 potiUS,
777 1448 853 1488 ne
885 1448 920 1487 a
949 1424 1228 1511 loquendi
1280 1448 1447 1488 more
1489 1438 1758 1489 veterum
1817 1425 2304 1515 chronographo-

367 1535 500 1574 rum
536 1510 856 1587 discedam,
902 1510 1241 1597 recuperati
1274 1522 1431 1572 sunt.
1463 1515 1515 1590 2)

370 1697 445 1760 gis
494 1696 674 1745 Nestor
722 1695 1094 1759 antiquissimus
1150 1695 1279 1760 apud
1333 1696 1524 1745 Russos
1574 1695 1797 1760 Scriptor
1838 1696 1982 1760 plane
2035 1697 2301 1747 consentit.

370 1782 571 1829 Frustra
610 1780 760 1845 igitur
799 1785 874 1828 est
911 1779 1130 1841 EderuS‚
1181 1780 1264 1844 qui
1294 1780 1345 1829 in
1375 1780 1507 1830 notis
1545 1780 1662 1830 hist.
1707 1780 1816 1830 crit.
1861 1781 1922 1830 ad
1959 1781 2177 1832 libellum
2207 1783 2305 1831 Va-

369 1865 625 1914 lachorum
659 1863 741 1929 jus
784 1864 1000 1913 Civitatis
1031 1864 1079 1913 in
1113 1865 1457 1930 Transylvania
1495 1865 1864 1931 reposcentium
1896 1882 1941 1915 a.
1980 1864 2136 1917 1791
2176 1867 2305 1917 scri—

370 1949 470 2013 ptis
501 1964 718 2012 pugnam
753 1948 796 1997 ei
828 1949 943 1997 dare
975 1949 1255 1999 meditatur.

506 2035 552 2094 2)
603 2033 735 2094 „Per
765 2033 973 2082 Hunnos
1004 2036 1273 2083 reversos“
1306 2033 1431 2083 Keza
1449 2034 1483 2083 1.
1506 2034 1568 2083 ΙΙ.
1592 2050 1637 2083 c.
1673 2031 1726 2084 1.
1755 2039 1801 2094 §.
1837 2032 1890 2084 1.
1927 2035 2081 2096 „Jure
2110 2035 2304 2086 Atilae“

372 2118 488 2167 Not.
523 2118 580 2166 B.
615 2117 674 2166 R.
709 2133 753 2165 c.
794 2115 888 2167 19.
926 2115 1024 2167 20.
1080 2118 1181 2167 Nec
1211 2118 1329 2168 nihil
1370 2118 1490 2168 illud
1521 2118 1764 2183 significat
1801 2120 1852 2169 in
1883 2120 2055 2170 Annal.
2089 2121 2303 2186 Sangall.

373 2200 486 2266 maj.
522 2202 704 2251 Perczii
729 2202 790 2250 ad
820 2218 864 2250 a.
902 2199 1021 2251 892
1059 2203 1379 2268 „Arnulphus
1411 2210 1583 2253 contra
1613 2204 1925 2254 Moravenses
1956 2205 2210 2270 pergebat,
2259 2212 2308 2256 et

370 2287 638 2350 Agarenos‚
687 2285 771 2336 ubi
801 2286 982 2336 reclusi
1015 2294 1155 2338 erant
1185 2288 1315 2350 (vide
1348 2303 1496 2353 supra
1528 2287 1562 2337 l.
1595 2288 1635 2338 Ι.
1668 2294 1697 2349 §
1728 2283 1856 2351 41.)
1889 2289 2133 2340 dimisit.“

1239 2466 1283 2542 g
1330 2468 1428 2525 15.

1132 2642 1543 2693 territorium.

544 2775 942 2836 Territorium
984 2774 1173 2859 igitur
1206 2776 1591 2860 Hungariae,
1639 2776 1924 2863 auspiciis
1955 2776 2190 2862 Arpadi
2234 2777 2308 2839 ab

375 2857 659 2918 Havasiis
696 2859 996 2920 montibus
1039 2881 1230 2942 usque
1267 2858 1340 2920 ad
1370 2861 1645 2933 Alutam3
1686 2883 1802 2942 qua
1835 2884 1972 2923 vero
2005 2861 2310 2924 meridiem

373 2952 628 3025 spectat,
673 2964 866 3025 usque
905 2940 978 3002 ad
1014 2954 1248 3027 portam
1287 2944 1506 3005 Vaczil
1540 2951 1585 3023 1)
1626 2956 1686 3006 et
1718 2944 1922 3007 littora
1957 2959 2309 3030 protensum

372 3024 583 3101 mariS,
641 3025 734 3086 cui
771 3026 1021 3088 Flumen
1055 3028 1184 3111 jam
1211 3026 1390 3102 urbS,
1439 3040 1498 3090 et
1530 3028 1813 3113 regiones
1857 3028 2193 3106 imminent,
2247 3029 2310 3091 in

374 3132 591 3171 novum
627 3108 765 3172 fidei
810 3109 1054 3173 Notarii
1092 3110 1277 3173 Belae
1321 3111 1512 3196 Regis
1560 3126 2033 3192 monumentum,
2104 3127 2309 3178 erutae

514 3293 556 3352 ¹)
602 3291 673 3341 Ad
705 3292 969 3342 Colubram
1001 3293 1219 3354 fluvium,
1282 3310 1492 3359 eumque
1523 3296 1675 3346 ferme
1705 3297 1890 3358 locum,
1938 3313 2086 3361 quem
2115 3297 2308 3362 Vajlovo

370 3374 467 3422 sivo
506 3374 693 3439 valjava
734 3377 926 3427 Sorviae
971 3393 1121 3442 supra
1168 3378 1465 3443 Belgmdum
1507 3380 1597 3430 sita
1635 3388 1861 3446 occupat.
1924 3382 1996 3431 lta
2034 3381 2220 3432 Hellius
2259 3382 2309 3430 in

374 3457 468 3506 [ab.
507 3472 674 3523 geogr.
710 3461 874 3526 Ilung.
911 3470 1004 3512 vet.
1040 3462 1269 3524 Vindiciis
1303 3479 1449 3514 anon.
1486 3464 1629 3514 Belae
1660 3466 1719 3515 R.
1754 3465 1864 3515 Not.
1900 3465 2102 3516 adnexa.
