<?xml version="1.0" encoding="UTF-8"?>
<!DOCTYPE html PUBLIC "-//W3C//DTD XHTML 1.0 Transitional//EN"
    "http://www.w3.org/TR/xhtml1/DTD/xhtml1-transitional.dtd">
<html xmlns="http://www.w3.org/1999/xhtml" xml:lang="en" lang="en">
 <head>
  <title>
</title>
<meta http-equiv="Content-Type" content="text/html;charset=utf-8" />
  <meta name='ocr-system' content='tesseract 3.04.00' />
  <meta name='ocr-capabilities' content='ocr_page ocr_carea ocr_par ocr_line ocrx_word'/>
</head>
<body>
  <div class='ocr_page' id='page_1' title='image "./commentariorumad01bart_0113.png"; bbox 0 0 2384 3886; ppageno 0'>
   <div class='ocr_carea' id='block_1_1' title="bbox 1905 201 2029 259">
    <p class='ocr_par' dir='ltr' id='par_1_1' title="bbox 1905 201 2029 259">
     <span class='ocr_line' id='line_1_1' title="bbox 1905 201 2029 259; baseline 0.008 -1"><span class='ocrx_word' id='word_1_1' title='bbox 1905 201 2029 259; x_wconf 83' lang='lat'><strong>105</strong></span> 
     </span>
    </p>
   </div>
   <div class='ocr_carea' id='block_1_2' title="bbox 104 338 2028 425">
    <p class='ocr_par' dir='ltr' id='par_1_2' title="bbox 104 338 2028 425">
     <span class='ocr_line' id='line_1_2' title="bbox 104 338 2028 425; baseline -0.004 -18"><span class='ocrx_word' id='word_1_2' title='bbox 104 366 236 408; x_wconf 90' lang='lat' dir='ltr'><strong>cum</strong></span> <span class='ocrx_word' id='word_1_3' title='bbox 280 346 514 406; x_wconf 85' lang='lat' dir='ltr'>Ducem</span> <span class='ocrx_word' id='word_1_4' title='bbox 558 355 619 405; x_wconf 88' lang='lat' dir='ltr'><strong>et</strong></span> <span class='ocrx_word' id='word_1_5' title='bbox 668 339 903 405; x_wconf 88' lang='lat' dir='ltr'><strong>tandem</strong></span> <span class='ocrx_word' id='word_1_6' title='bbox 954 338 1233 424; x_wconf 89' lang='lat' dir='ltr'><strong>Pipinum</strong></span> <span class='ocrx_word' id='word_1_7' title='bbox 1282 362 1435 403; x_wconf 88' lang='lat' dir='ltr'><strong>anno</strong></span> <span class='ocrx_word' id='word_1_8' title='bbox 1486 347 1614 403; x_wconf 76' lang='lat'><strong>796</strong></span> <span class='ocrx_word' id='word_1_9' title='bbox 1664 339 1839 416; x_wconf 81' lang='lat' dir='ltr'><strong>victi,</strong></span> <span class='ocrx_word' id='word_1_10' title='bbox 1885 361 2028 425; x_wconf 87' lang='lat' dir='ltr'><strong>pars</strong></span> 
     </span>
    </p>
   </div>
   <div class='ocr_carea' id='block_1_3' title="bbox 52 420 2028 597">
    <p class='ocr_par' dir='ltr' id='par_1_3' title="bbox 52 420 2028 597">
     <span class='ocr_line' id='line_1_3' title="bbox 52 420 2028 574; baseline -0.002 -84"><span class='ocrx_word' id='word_1_11' title='bbox 52 420 293 574; x_wconf 8' lang='lat' dir='ltr'><strong>&#39;‘iliu-jus·</strong></span> <span class='ocrx_word' id='word_1_12' title='bbox 320 451 388 491; x_wconf 87' lang='lat' dir='ltr'><strong>se</strong></span> <span class='ocrx_word' id='word_1_13' title='bbox 428 426 676 490; x_wconf 86' lang='lat' dir='ltr'><strong>arbitrio</strong></span> <span class='ocrx_word' id='word_1_14' title='bbox 708 422 1149 500; x_wconf 86' lang='lat' dir='ltr'><strong>commiserunt,</strong></span> <span class='ocrx_word' id='word_1_15' title='bbox 1186 446 1330 509; x_wconf 87' lang='lat' dir='ltr'><strong>pars</strong></span> <span class='ocrx_word' id='word_1_16' title='bbox 1369 425 1527 488; x_wconf 91' lang='lat' dir='ltr'><strong>ultra</strong></span> <span class='ocrx_word' id='word_1_17' title='bbox 1551 422 1860 487; x_wconf 84' lang='lat' dir='ltr'><strong>Tibiscum</strong></span> <span class='ocrx_word' id='word_1_18' title='bbox 1892 445 2028 509; x_wconf 88' lang='lat' dir='ltr'><strong>pro-</strong></span> 
     </span>
     <span class='ocr_line' id='line_1_4' title="bbox 144 523 487 597; baseline 0 -25"><span class='ocrx_word' id='word_1_19' title='bbox 144 523 294 597; x_wconf 82' lang='lat' dir='ltr'><strong>igatl</strong></span> <span class='ocrx_word' id='word_1_20' title='bbox 330 523 487 575; x_wconf 87' lang='lat' dir='ltr'><strong>sunt.</strong></span> 
     </span>
    </p>
   </div>
   <div class='ocr_carea' id='block_1_4' title="bbox 968 679 1156 754">
    <p class='ocr_par' dir='ltr' id='par_1_4' title="bbox 968 679 1156 754">
     <span class='ocr_line' id='line_1_5' title="bbox 968 679 1156 754; baseline -0.011 -16"><span class='ocrx_word' id='word_1_21' title='bbox 968 679 1012 754; x_wconf 71' lang='lat' dir='ltr'>g</span> <span class='ocrx_word' id='word_1_22' title='bbox 1055 682 1156 738; x_wconf 88' lang='lat'><strong>42.</strong></span> 
     </span>
    </p>
   </div>
   <div class='ocr_carea' id='block_1_5' title="bbox 244 843 1879 898">
    <p class='ocr_par' dir='ltr' id='par_1_5' title="bbox 244 843 1879 898">
     <span class='ocr_line' id='line_1_6' title="bbox 244 843 1879 898; baseline 0 0"><span class='ocrx_word' id='word_1_23' title='bbox 244 845 582 898; x_wconf 79' lang='lat' dir='ltr'><strong>Pannoniae</strong></span> <span class='ocrx_word' id='word_1_24' title='bbox 611 844 670 894; x_wconf 92' lang='lat' dir='ltr'><strong>in</strong></span> <span class='ocrx_word' id='word_1_25' title='bbox 702 843 989 894; x_wconf 81' lang='lat' dir='ltr'><strong>ditionem</strong></span> <span class='ocrx_word' id='word_1_26' title='bbox 1019 843 1389 893; x_wconf 81' lang='lat' dir='ltr'><strong>Francorum</strong></span> <span class='ocrx_word' id='word_1_27' title='bbox 1421 855 1879 898; x_wconf 85' lang='lat' dir='ltr'><strong>concesserunt.</strong></span> 
     </span>
    </p>
   </div>
   <div class='ocr_carea' id='block_1_6' title="bbox 265 1004 2029 1086">
    <p class='ocr_par' dir='ltr' id='par_1_6' title="bbox 265 1004 2029 1086">
     <span class='ocr_line' id='line_1_7' title="bbox 265 1004 2029 1086; baseline 0.001 -19"><span class='ocrx_word' id='word_1_28' title='bbox 265 1005 574 1068; x_wconf 87' lang='lat' dir='ltr'><strong>Avaribus</strong></span> <span class='ocrx_word' id='word_1_29' title='bbox 605 1004 808 1079; x_wconf 86' lang='lat' dir='ltr'><strong>victis,</strong></span> <span class='ocrx_word' id='word_1_30' title='bbox 857 1004 1205 1067; x_wconf 89' lang='lat' dir='ltr'><strong>Pannonias</strong></span> <span class='ocrx_word' id='word_1_31' title='bbox 1243 1006 1463 1069; x_wconf 81' lang='lat' dir='ltr'><strong>Franci</strong></span> <span class='ocrx_word' id='word_1_32' title='bbox 1495 1004 1776 1069; x_wconf 91' lang='lat' dir='ltr'><strong>habuere.</strong></span> <span class='ocrx_word' id='word_1_33' title='bbox 1812 1014 1859 1086; x_wconf 83' lang='lat'><strong>1)</strong></span> <span class='ocrx_word' id='word_1_34' title='bbox 1907 1010 2029 1069; x_wconf 89' lang='lat' dir='ltr'><strong>Per</strong></span> 
     </span>
    </p>
   </div>
   <div class='ocr_carea' id='block_1_7' title="bbox 35 1086 2028 1260">
    <p class='ocr_par' dir='ltr' id='par_1_7' title="bbox 35 1086 2028 1260">
     <span class='ocr_line' id='line_1_8' title="bbox 35 1086 2026 1175; baseline -0.002 -21"><span class='ocrx_word' id='word_1_35' title='bbox 35 1135 38 1137; x_wconf 96' lang='lat'>-</span> <span class='ocrx_word' id='word_1_36' title='bbox 95 1090 446 1166; x_wconf 73' lang='lat' dir='ltr'><strong>Ptaefectos</strong></span> <span class='ocrx_word' id='word_1_37' title='bbox 482 1089 596 1152; x_wconf 92' lang='lat' dir='ltr'><strong>hae</strong></span> <span class='ocrx_word' id='word_1_38' title='bbox 622 1088 993 1174; x_wconf 82' lang='lat' dir='ltr'><strong>regebantur</strong></span> <span class='ocrx_word' id='word_1_39' title='bbox 1033 1086 1311 1175; x_wconf 83' lang='lat' dir='ltr'><strong>deinceps</strong></span> <span class='ocrx_word' id='word_1_40' title='bbox 1372 1103 1433 1153; x_wconf 89' lang='lat' dir='ltr'><strong>et</strong></span> <span class='ocrx_word' id='word_1_41' title='bbox 1472 1091 1769 1167; x_wconf 80' lang='lat' dir='ltr'><strong>ComiteS‚</strong></span> <span class='ocrx_word' id='word_1_42' title='bbox 1819 1114 1893 1153; x_wconf 88' lang='lat' dir='ltr'><strong>ex</strong></span> <span class='ocrx_word' id='word_1_43' title='bbox 1939 1090 2026 1152; x_wconf 91' lang='lat' dir='ltr'><strong>in—</strong></span> 
     </span>
     <span class='ocr_line' id='line_1_9' title="bbox 37 1170 2028 1260; baseline -0.002 -22"><span class='ocrx_word' id='word_1_44' title='bbox 37 1236 39 1238; x_wconf 77' lang='lat'>.</span> <span class='ocrx_word' id='word_1_45' title='bbox 98 1174 326 1238; x_wconf 85' lang='lat' dir='ltr'><strong>stitutis</strong></span> <span class='ocrx_word' id='word_1_46' title='bbox 360 1174 560 1237; x_wconf 84' lang='lat' dir='ltr'><strong>Caroli</strong></span> <span class='ocrx_word' id='word_1_47' title='bbox 597 1177 709 1249; x_wconf 89' lang='lat' dir='ltr'><strong>M.,</strong></span> <span class='ocrx_word' id='word_1_48' title='bbox 770 1196 962 1258; x_wconf 92' lang='lat' dir='ltr'><strong>usque</strong></span> <span class='ocrx_word' id='word_1_49' title='bbox 990 1170 1064 1234; x_wconf 83' lang='lat' dir='ltr'><strong>ad</strong></span> <span class='ocrx_word' id='word_1_50' title='bbox 1095 1172 1398 1259; x_wconf 90' lang='lat' dir='ltr'><strong>Arnulphi</strong></span> <span class='ocrx_word' id='word_1_51' title='bbox 1450 1174 1830 1260; x_wconf 90' lang='lat' dir='ltr'><strong>imperatoris</strong></span> <span class='ocrx_word' id='word_1_52' title='bbox 1880 1187 2028 1237; x_wconf 88' lang='lat' dir='ltr'><strong>tem-</strong></span> 
     </span>
    </p>
   </div>
   <div class='ocr_carea' id='block_1_8' title="bbox 95 1258 2030 2015">
    <p class='ocr_par' dir='ltr' id='par_1_8' title="bbox 95 1258 2030 2015">
     <span class='ocr_line' id='line_1_10' title="bbox 97 1258 2030 1347; baseline -0.001 -26"><span class='ocrx_word' id='word_1_53' title='bbox 97 1282 259 1347; x_wconf 88' lang='lat' dir='ltr'><strong>pora.</strong></span> <span class='ocrx_word' id='word_1_54' title='bbox 368 1261 636 1320; x_wconf 84' lang='lat' dir='ltr'><strong>Francos</strong></span> <span class='ocrx_word' id='word_1_55' title='bbox 694 1278 896 1318; x_wconf 90' lang='lat' dir='ltr'><strong>rerum</strong></span> <span class='ocrx_word' id='word_1_56' title='bbox 958 1279 1203 1317; x_wconf 90' lang='lat' dir='ltr'><strong>suarum</strong></span> <span class='ocrx_word' id='word_1_57' title='bbox 1271 1258 1533 1320; x_wconf 85' lang='lat' dir='ltr'><strong>arbitros</strong></span> <span class='ocrx_word' id='word_1_58' title='bbox 1566 1258 1835 1321; x_wconf 86' lang='lat' dir='ltr'><strong>venerati</strong></span> <span class='ocrx_word' id='word_1_59' title='bbox 1887 1270 2030 1320; x_wconf 93' lang='lat' dir='ltr'><strong>sunt</strong></span> 
     </span>
     <span class='ocr_line' id='line_1_11' title="bbox 98 1340 2028 1428; baseline -0.001 -22"><span class='ocrx_word' id='word_1_60' title='bbox 98 1342 275 1406; x_wconf 88' lang='lat' dir='ltr'><strong>etiam</strong></span> <span class='ocrx_word' id='word_1_61' title='bbox 328 1340 646 1405; x_wconf 89' lang='lat' dir='ltr'><strong>Marahani</strong></span> <span class='ocrx_word' id='word_1_62' title='bbox 712 1340 1114 1402; x_wconf 88' lang='lat' dir='ltr'><strong>continentem</strong></span> <span class='ocrx_word' id='word_1_63' title='bbox 1164 1341 1514 1404; x_wconf 86' lang='lat' dir='ltr'><strong>Pannoniae</strong></span> <span class='ocrx_word' id='word_1_64' title='bbox 1567 1341 1906 1428; x_wconf 90' lang='lat' dir='ltr'><strong>oppositum</strong></span> <span class='ocrx_word' id='word_1_65' title='bbox 1939 1354 2028 1405; x_wconf 89' lang='lat' dir='ltr'><strong>te-</strong></span> 
     </span>
     <span class='ocr_line' id='line_1_12' title="bbox 97 1423 2027 1511; baseline 0 -22"><span class='ocrx_word' id='word_1_66' title='bbox 97 1439 325 1490; x_wconf 84' lang='lat' dir='ltr'><strong>nentes.</strong></span> <span class='ocrx_word' id='word_1_67' title='bbox 371 1430 464 1489; x_wconf 81' lang='lat' dir='ltr'><strong>Ex</strong></span> <span class='ocrx_word' id='word_1_68' title='bbox 488 1447 737 1511; x_wconf 88' lang='lat' dir='ltr'><strong>quorum</strong></span> <span class='ocrx_word' id='word_1_69' title='bbox 760 1423 1034 1486; x_wconf 84' lang='lat' dir='ltr'><strong>Ducibus</strong></span> <span class='ocrx_word' id='word_1_70' title='bbox 1065 1425 1500 1510; x_wconf 83' lang='lat' dir='ltr'><strong>Swatopluhus</strong></span> <span class='ocrx_word' id='word_1_71' title='bbox 1524 1425 1884 1489; x_wconf 82' lang='lat' dir='ltr'><strong>liberalitate</strong></span> <span class='ocrx_word' id='word_1_72' title='bbox 1911 1429 2027 1489; x_wconf 91' lang='lat' dir='ltr'><strong>Re-</strong></span> 
     </span>
     <span class='ocr_line' id='line_1_13' title="bbox 96 1507 2027 1597; baseline -0.001 -24"><span class='ocrx_word' id='word_1_73' title='bbox 96 1533 241 1596; x_wconf 82' lang='lat' dir='ltr'><strong>gum</strong></span> <span class='ocrx_word' id='word_1_74' title='bbox 284 1510 492 1597; x_wconf 85' lang='lat' dir='ltr'><strong>stirpis</strong></span> <span class='ocrx_word' id='word_1_75' title='bbox 527 1509 975 1593; x_wconf 83' lang='lat' dir='ltr'><strong>Carolingicae,</strong></span> <span class='ocrx_word' id='word_1_76' title='bbox 1016 1507 1340 1571; x_wconf 87' lang='lat' dir='ltr'><strong>Bohemiae</strong></span> <span class='ocrx_word' id='word_1_77' title='bbox 1374 1521 1587 1571; x_wconf 87' lang='lat' dir='ltr'><strong>auctus</strong></span> <span class='ocrx_word' id='word_1_78' title='bbox 1615 1510 2027 1595; x_wconf 85' lang='lat' dir='ltr'><strong>possessione,</strong></span> 
     </span>
     <span class='ocr_line' id='line_1_14' title="bbox 97 1591 2027 1680; baseline -0.001 -23"><span class='ocrx_word' id='word_1_79' title='bbox 97 1598 323 1680; x_wconf 87' lang='lat' dir='ltr'><strong>majora</strong></span> <span class='ocrx_word' id='word_1_80' title='bbox 369 1593 736 1680; x_wconf 86' lang='lat' dir='ltr'><strong>concupivit,</strong></span> <span class='ocrx_word' id='word_1_81' title='bbox 801 1591 1093 1678; x_wconf 89' lang='lat' dir='ltr'><strong>bonisque</strong></span> <span class='ocrx_word' id='word_1_82' title='bbox 1138 1605 1199 1655; x_wconf 91' lang='lat' dir='ltr'><strong>et</strong></span> <span class='ocrx_word' id='word_1_83' title='bbox 1242 1593 1415 1655; x_wconf 91' lang='lat' dir='ltr'><strong>malis</strong></span> <span class='ocrx_word' id='word_1_84' title='bbox 1453 1593 1721 1670; x_wconf 80' lang='lat' dir='ltr'><strong>artibuS,</strong></span> <span class='ocrx_word' id='word_1_85' title='bbox 1767 1594 1829 1655; x_wconf 93' lang='lat' dir='ltr'><strong>in</strong></span> <span class='ocrx_word' id='word_1_86' title='bbox 1863 1607 2027 1656; x_wconf 88' lang='lat' dir='ltr'><strong>utro-</strong></span> 
     </span>
     <span class='ocr_line' id='line_1_15' title="bbox 97 1675 2029 1764; baseline -0.002 -23"><span class='ocrx_word' id='word_1_87' title='bbox 97 1702 212 1764; x_wconf 89' lang='lat' dir='ltr'><strong>que</strong></span> <span class='ocrx_word' id='word_1_88' title='bbox 253 1678 407 1741; x_wconf 90' lang='lat' dir='ltr'><strong>enim</strong></span> <span class='ocrx_word' id='word_1_89' title='bbox 445 1700 671 1763; x_wconf 83' lang='lat' dir='ltr'><strong>genere</strong></span> <span class='ocrx_word' id='word_1_90' title='bbox 712 1675 958 1739; x_wconf 90' lang='lat' dir='ltr'><strong>eminuit</strong></span> <span class='ocrx_word' id='word_1_91' title='bbox 987 1684 1037 1755; x_wconf 87' lang='lat'><strong>2)</strong></span> <span class='ocrx_word' id='word_1_92' title='bbox 1074 1676 1134 1738; x_wconf 86' lang='lat' dir='ltr'><strong>id</strong></span> <span class='ocrx_word' id='word_1_93' title='bbox 1158 1690 1524 1762; x_wconf 89' lang='lat' dir='ltr'><strong>assequutus</strong></span> <span class='ocrx_word' id='word_1_94' title='bbox 1556 1690 1678 1753; x_wconf 88' lang='lat' dir='ltr'><strong>est,</strong></span> <span class='ocrx_word' id='word_1_95' title='bbox 1737 1691 1804 1740; x_wconf 89' lang='lat' dir='ltr'><strong>ut</strong></span> <span class='ocrx_word' id='word_1_96' title='bbox 1829 1677 2029 1741; x_wconf 86' lang='lat' dir='ltr'><strong>condi-</strong></span> 
     </span>
     <span class='ocr_line' id='line_1_16' title="bbox 95 1758 2029 1848; baseline -0.001 -23"><span class='ocrx_word' id='word_1_97' title='bbox 95 1775 194 1825; x_wconf 88' lang='lat' dir='ltr'><strong>tae</strong></span> <span class='ocrx_word' id='word_1_98' title='bbox 222 1786 331 1848; x_wconf 88' lang='lat' dir='ltr'><strong>per</strong></span> <span class='ocrx_word' id='word_1_99' title='bbox 367 1786 467 1838; x_wconf 86' lang='lat' dir='ltr'><strong>se,</strong></span> <span class='ocrx_word' id='word_1_100' title='bbox 512 1762 696 1824; x_wconf 88' lang='lat' dir='ltr'><strong>invito</strong></span> <span class='ocrx_word' id='word_1_101' title='bbox 727 1758 1073 1846; x_wconf 88' lang='lat' dir='ltr'><strong>Arnulpho,</strong></span> <span class='ocrx_word' id='word_1_102' title='bbox 1119 1783 1376 1846; x_wconf 85' lang='lat' dir='ltr'><strong>magnae</strong></span> <span class='ocrx_word' id='word_1_103' title='bbox 1413 1761 1726 1824; x_wconf 86' lang='lat' dir='ltr'><strong>Moraviae</strong></span> <span class='ocrx_word' id='word_1_104' title='bbox 1760 1763 1913 1825; x_wconf 89' lang='lat' dir='ltr'><strong>fines</strong></span> <span class='ocrx_word' id='word_1_105' title='bbox 1954 1761 2029 1824; x_wconf 85' lang='lat' dir='ltr'><strong>ad</strong></span> 
     </span>
     <span class='ocr_line' id='line_1_17' title="bbox 96 1845 2028 1931; baseline 0.001 -23"><span class='ocrx_word' id='word_1_106' title='bbox 96 1846 468 1909; x_wconf 87' lang='lat' dir='ltr'><strong>Pannoniam</strong></span> <span class='ocrx_word' id='word_1_107' title='bbox 502 1869 734 1931; x_wconf 90' lang='lat' dir='ltr'><strong>quoque</strong></span> <span class='ocrx_word' id='word_1_108' title='bbox 770 1845 1265 1918; x_wconf 82' lang='lat' dir='ltr'><strong>extenderentur3</strong></span> <span class='ocrx_word' id='word_1_109' title='bbox 1314 1845 1471 1930; x_wconf 87' lang='lat' dir='ltr'><strong>quod</strong></span> <span class='ocrx_word' id='word_1_110' title='bbox 1492 1857 1692 1909; x_wconf 90' lang='lat' dir='ltr'><strong>tamen</strong></span> <span class='ocrx_word' id='word_1_111' title='bbox 1717 1846 1802 1908; x_wconf 93' lang='lat' dir='ltr'><strong>cis</strong></span> <span class='ocrx_word' id='word_1_112' title='bbox 1822 1849 2028 1910; x_wconf 90' lang='lat' dir='ltr'><strong>Danu-</strong></span> 
     </span>
     <span class='ocr_line' id='line_1_18' title="bbox 96 1928 1491 2015; baseline -0.001 -23"><span class='ocrx_word' id='word_1_113' title='bbox 96 1929 259 1993; x_wconf 90' lang='lat' dir='ltr'><strong>bium</strong></span> <span class='ocrx_word' id='word_1_114' title='bbox 288 1943 413 2007; x_wconf 91' lang='lat' dir='ltr'><strong>est,</strong></span> <span class='ocrx_word' id='word_1_115' title='bbox 450 1931 608 1992; x_wconf 88' lang='lat' dir='ltr'><strong>ultra</strong></span> <span class='ocrx_word' id='word_1_116' title='bbox 642 1932 911 1993; x_wconf 82' lang='lat' dir='ltr'><strong>Granum</strong></span> <span class='ocrx_word' id='word_1_117' title='bbox 943 1928 1143 2015; x_wconf 91' lang='lat' dir='ltr'><strong>paruit</strong></span> <span class='ocrx_word' id='word_1_118' title='bbox 1186 1929 1491 2014; x_wconf 83' lang='lat' dir='ltr'><strong>Bulgaris.</strong></span> 
     </span>
    </p>
   </div>
   <div class='ocr_carea' id='block_1_9' title="bbox 99 2111 2029 2764">
    <p class='ocr_par' dir='ltr' id='par_1_9' title="bbox 99 2111 2029 2597">
     <span class='ocr_line' id='line_1_19' title="bbox 236 2111 2029 2176; baseline 0.001 -15"><span class='ocrx_word' id='word_1_119' title='bbox 236 2115 281 2175; x_wconf 85' lang='lat'><strong>1)</strong></span> <span class='ocrx_word' id='word_1_120' title='bbox 325 2113 431 2162; x_wconf 91' lang='lat' dir='ltr'><strong>Imo</strong></span> <span class='ocrx_word' id='word_1_121' title='bbox 469 2127 585 2162; x_wconf 89' lang='lat' dir='ltr'><strong>vero</strong></span> <span class='ocrx_word' id='word_1_122' title='bbox 625 2112 819 2161; x_wconf 88' lang='lat' dir='ltr'><strong>Istriam</strong></span> <span class='ocrx_word' id='word_1_123' title='bbox 859 2127 1057 2176; x_wconf 90' lang='lat' dir='ltr'><strong>quoque</strong></span> <span class='ocrx_word' id='word_1_124' title='bbox 1095 2119 1146 2161; x_wconf 92' lang='lat' dir='ltr'><strong>et</strong></span> <span class='ocrx_word' id='word_1_125' title='bbox 1180 2111 1496 2174; x_wconf 88' lang='lat' dir='ltr'><strong>Dalmatiam,</strong></span> <span class='ocrx_word' id='word_1_126' title='bbox 1538 2127 1640 2162; x_wconf 91' lang='lat' dir='ltr'><strong>non</strong></span> <span class='ocrx_word' id='word_1_127' title='bbox 1679 2119 1844 2162; x_wconf 90' lang='lat' dir='ltr'><strong>tamen</strong></span> <span class='ocrx_word' id='word_1_128' title='bbox 1883 2112 2029 2162; x_wconf 86' lang='lat' dir='ltr'><strong>etiam</strong></span> 
     </span>
     <span class='ocr_line' id='line_1_20' title="bbox 99 2195 2026 2261; baseline -0.001 -14"><span class='ocrx_word' id='word_1_129' title='bbox 99 2197 248 2248; x_wconf 87' lang='lat' dir='ltr'><strong>urbes</strong></span> <span class='ocrx_word' id='word_1_130' title='bbox 277 2197 543 2247; x_wconf 89' lang='lat' dir='ltr'><strong>Dalmatiae</strong></span> <span class='ocrx_word' id='word_1_131' title='bbox 575 2196 862 2245; x_wconf 78' lang='lat' dir='ltr'><strong>maritimas,</strong></span> <span class='ocrx_word' id='word_1_132' title='bbox 909 2196 982 2246; x_wconf 91' lang='lat' dir='ltr'><strong>Ita</strong></span> <span class='ocrx_word' id='word_1_133' title='bbox 1011 2211 1191 2261; x_wconf 90' lang='lat' dir='ltr'><strong>nempe</strong></span> <span class='ocrx_word' id='word_1_134' title='bbox 1221 2195 1536 2260; x_wconf 83' lang='lat' dir='ltr'><strong>Eginhardus</strong></span> <span class='ocrx_word' id='word_1_135' title='bbox 1567 2197 1618 2246; x_wconf 91' lang='lat' dir='ltr'><strong>in</strong></span> <span class='ocrx_word' id='word_1_136' title='bbox 1648 2196 1744 2246; x_wconf 87' lang='lat' dir='ltr'><strong>vita</strong></span> <span class='ocrx_word' id='word_1_137' title='bbox 1772 2196 2026 2246; x_wconf 88' lang='lat' dir='ltr'><strong>Caroli·M.</strong></span> 
     </span>
     <span class='ocr_line' id='line_1_21' title="bbox 99 2280 2027 2346; baseline -0.002 -15"><span class='ocrx_word' id='word_1_138' title='bbox 99 2297 145 2331; x_wconf 90' lang='lat' dir='ltr'><strong>c.</strong></span> <span class='ocrx_word' id='word_1_139' title='bbox 176 2282 274 2331; x_wconf 90' lang='lat' dir='ltr'><strong>XV.</strong></span> <span class='ocrx_word' id='word_1_140' title='bbox 323 2281 570 2342; x_wconf 87' lang='lat' dir='ltr'><strong>„Carolus</strong></span> <span class='ocrx_word' id='word_1_141' title='bbox 596 2287 857 2345; x_wconf 89' lang='lat' dir='ltr'><strong>utramque</strong></span> <span class='ocrx_word' id='word_1_142' title='bbox 891 2280 1223 2341; x_wconf 85' lang='lat' dir='ltr'><strong>Pannoniam,</strong></span> <span class='ocrx_word' id='word_1_143' title='bbox 1261 2281 1496 2330; x_wconf 87' lang='lat' dir='ltr'><strong>Histriam</strong></span> <span class='ocrx_word' id='word_1_144' title='bbox 1534 2287 1681 2346; x_wconf 87' lang='lat' dir='ltr'><strong>atque</strong></span> <span class='ocrx_word' id='word_1_145' title='bbox 1718 2280 2027 2339; x_wconf 81' lang='lat' dir='ltr'><strong>Dalmatiam,</strong></span> 
     </span>
     <span class='ocr_line' id='line_1_22' title="bbox 102 2363 2028 2430; baseline -0.002 -14"><span class='ocrx_word' id='word_1_146' title='bbox 102 2365 318 2430; x_wconf 84' lang='lat' dir='ltr'><strong>exceptis</strong></span> <span class='ocrx_word' id='word_1_147' title='bbox 365 2364 623 2416; x_wconf 87' lang='lat' dir='ltr'><strong>maritimis</strong></span> <span class='ocrx_word' id='word_1_148' title='bbox 659 2364 960 2424; x_wconf 84' lang='lat' dir='ltr'><strong>civitatibuS,</strong></span> <span class='ocrx_word' id='word_1_149' title='bbox 1006 2379 1128 2429; x_wconf 89' lang='lat' dir='ltr'><strong>quas</strong></span> <span class='ocrx_word' id='word_1_150' title='bbox 1165 2364 1228 2413; x_wconf 85' lang='lat' dir='ltr'><strong>ob</strong></span> <span class='ocrx_word' id='word_1_151' title='bbox 1269 2365 1530 2415; x_wconf 85' lang='lat' dir='ltr'><strong>amicitiam</strong></span> <span class='ocrx_word' id='word_1_152' title='bbox 1569 2371 1619 2416; x_wconf 91' lang='lat' dir='ltr'><strong>et</strong></span> <span class='ocrx_word' id='word_1_153' title='bbox 1647 2363 1878 2429; x_wconf 87' lang='lat' dir='ltr'><strong>junctum</strong></span> <span class='ocrx_word' id='word_1_154' title='bbox 1915 2379 2028 2413; x_wconf 92' lang='lat' dir='ltr'><strong>cum</strong></span> 
     </span>
     <span class='ocr_line' id='line_1_23' title="bbox 101 2447 2028 2515; baseline -0.001 -17"><span class='ocrx_word' id='word_1_155' title='bbox 101 2464 160 2498; x_wconf 90' lang='lat' dir='ltr'><strong>eo</strong></span> <span class='ocrx_word' id='word_1_156' title='bbox 197 2449 527 2514; x_wconf 86' lang='lat' dir='ltr'><strong>(Nicephoro)</strong></span> <span class='ocrx_word' id='word_1_157' title='bbox 564 2449 764 2509; x_wconf 79' lang='lat' dir='ltr'><strong>foeduS‚</strong></span> <span class='ocrx_word' id='word_1_158' title='bbox 812 2448 1416 2513; x_wconf 88' lang='lat' dir='ltr'><strong>Constantinopolitanum</strong></span> <span class='ocrx_word' id='word_1_159' title='bbox 1452 2449 1803 2515; x_wconf 89' lang='lat' dir='ltr'><strong>imperatorem</strong></span> <span class='ocrx_word' id='word_1_160' title='bbox 1846 2447 2028 2497; x_wconf 87' lang='lat' dir='ltr'><strong>habere</strong></span> 
     </span>
     <span class='ocr_line' id='line_1_24' title="bbox 99 2532 710 2597; baseline -0.002 -15"><span class='ocrx_word' id='word_1_161' title='bbox 99 2533 323 2597; x_wconf 88' lang='lat' dir='ltr'><strong>permisit</strong></span> <span class='ocrx_word' id='word_1_162' title='bbox 335 2570 348 2593; x_wconf 91' lang='lat'><strong>,</strong></span> <span class='ocrx_word' id='word_1_163' title='bbox 394 2532 666 2597; x_wconf 87' lang='lat' dir='ltr'><strong>acquisivit.</strong></span> <span class='ocrx_word' id='word_1_164' title='bbox 676 2536 688 2559; x_wconf 90' lang='lat'>‘</span> <span class='ocrx_word' id='word_1_165' title='bbox 697 2535 710 2559; x_wconf 86' lang='lat'>‘</span> 
     </span>
    </p>

    <p class='ocr_par' dir='ltr' id='par_1_10' title="bbox 99 2615 2025 2764">
     <span class='ocr_line' id='line_1_25' title="bbox 232 2615 2025 2681; baseline 0.001 -16"><span class='ocrx_word' id='word_1_166' title='bbox 232 2619 280 2678; x_wconf 86' lang='grc'><strong>2)</strong></span> <span class='ocrx_word' id='word_1_167' title='bbox 324 2616 442 2665; x_wconf 85' lang='lat' dir='ltr'><strong>Vide</strong></span> <span class='ocrx_word' id='word_1_168' title='bbox 485 2616 756 2681; x_wconf 83' lang='lat' dir='ltr'><strong>Hormayer</strong></span> <span class='ocrx_word' id='word_1_169' title='bbox 797 2616 974 2666; x_wconf 86' lang='lat' dir='ltr'><strong>Archiv</strong></span> <span class='ocrx_word' id='word_1_170' title='bbox 1017 2616 1096 2666; x_wconf 80' lang='lat' dir='ltr'><strong>fur</strong></span> <span class='ocrx_word' id='word_1_171' title='bbox 1131 2615 1427 2667; x_wconf 88' lang='lat' dir='ltr'><strong>Geschichte</strong></span> <span class='ocrx_word' id='word_1_172' title='bbox 1482 2622 1577 2665; x_wconf 89' lang='lat' dir='ltr'><strong>cet.</strong></span> <span class='ocrx_word' id='word_1_173' title='bbox 1634 2616 1711 2666; x_wconf 90' lang='lat' dir='ltr'><strong>VI.</strong></span> <span class='ocrx_word' id='word_1_174' title='bbox 1760 2615 2025 2681; x_wconf 84' lang='lat' dir='ltr'><strong>Jahrgang.</strong></span> 
     </span>
     <span class='ocr_line' id='line_1_26' title="bbox 99 2694 534 2764; baseline -0.002 -14"><span class='ocrx_word' id='word_1_175' title='bbox 99 2715 150 2764; x_wconf 87' lang='lat' dir='ltr'><strong>p.</strong></span> <span class='ocrx_word' id='word_1_176' title='bbox 192 2694 340 2750; x_wconf 67' lang='lat'><strong>714.</strong></span> <span class='ocrx_word' id='word_1_177' title='bbox 394 2697 534 2750; x_wconf 82' lang='lat'>725.</span> 
     </span>
    </p>
   </div>
  </div>
 </body>
</html>
