2384 3886
386 211 512 267 33⁰

386 345 680 433 digalitati
711 344 886 407 finem
925 346 1179 407 Carolus
1212 307 1516 408 Robertus
1553 346 1752 431 posuit
1786 345 1950 429 lege,
1996 365 2111 430 qua
2148 346 2302 410 bona

387 429 701 518 ejusmodi,
748 452 938 514 usque
985 427 1120 491 dum
1180 430 1429 516 pecunia
1472 429 1741 492 familiari
1778 429 1929 492 satis
1973 430 2173 508 fieret,
2218 431 2302 518 pi-

385 515 595 603 gnoris
621 513 921 601 judiciarii
957 514 1127 579 titulo
1157 516 1346 579 teneri
1367 515 1582 602 jussit,
1629 514 1804 578 vendi
1832 513 2147 601 prohibuit.
2171 522 2222 594 3)

519 744 570 813 3)
617 746 718 796 Art.
758 743 861 807 50,
899 742 994 796 51.
1037 746 1256 807 Decreti,
1290 747 1420 812 quod
1452 747 1545 797 hac
1575 746 1720 798 etiam
1752 751 1890 812 parte
1920 761 1965 795 a.
2006 741 2165 794 1298
2197 745 2308 794 edi—

385 840 488 882 tum
519 831 640 881 falso
666 831 897 882 creditur.
944 832 1244 882 Sententiam
1274 833 1422 896 igitur
1448 831 1622 896 Fejerii
1647 837 1957 896 praesentem
1978 829 2307 880 Palatinorum

387 917 664 967 donationis
703 917 1006 974 facultatem,
1053 917 1228 966 fiducia
1266 917 1516 966 literarum
1550 917 1606 965 C.
1639 917 1698 966 D.
1734 918 1785 966 V.
1829 934 1871 966 v.
1907 915 1963 966 2.
2005 932 2055 981 p.
2094 911 2210 966 137
2251 930 2311 965 ex

388 1003 586 1069 antiqua
616 1002 694 1052 illa
724 1002 888 1067 regula
914 1001 1042 1067 juris
1073 1001 1341 1068 repetentis
1372 1001 1500 1052 tueri
1529 1017 1630 1051 non
1662 1017 1949 1066 possumuS.

1224 1195 1267 1272 g
1315 1195 1452 1253 131.

560 1348 637 1398 De
666 1346 1097 1398 Assessorihus
1125 1347 1348 1398 Judicii
1380 1347 1785 1398 palatinorum
1816 1346 2141 1412 generalis.

563 1495 735 1575 Quod
756 1496 1065 1559 Praetoris
1090 1495 1246 1571 olim,
1276 1495 1665 1559 Proconsulis
1690 1493 1897 1558 deinde
1922 1494 2077 1583 apud
2099 1498 2315 1559 Roma-

392 1607 503 1646 nos
534 1605 750 1645 munus
778 1593 907 1645 erat
942 1593 1048 1658 „ut
1073 1580 1437 1669 provinciam
1465 1605 1572 1668 per
1601 1593 1927 1645 conventus
1955 1580 2312 1658 circumiret,

393 1672 799 1744 AssessoreS,
862 1690 1109 1753 quorum
1161 1666 1446 1730 Consiliis
1489 1667 1546 1729 in
1574 1670 1712 1754 jure
1744 1665 1996 1730 dicundo
2026 1678 2316 1743 uteretur,

397 1754 728 1840 deligeret“
755 1760 800 1832 1)
849 1751 1029 1838 hujus
1055 1752 1308 1816 officium
1345 1752 1606 1817 muneris
1650 1752 1702 1816 d.
1743 1750 2087 1839 Stephanus
2120 1750 2321 1815 Judici

395 1838 655 1927 palatino
677 1838 971 1928 imposuit.
1017 1843 1150 1902 Hos
1184 1838 1300 1902 iste
1326 1841 1704 1902 Assessores
1729 1836 2045 1901 tribunalis
2092 1836 2186 1899 sui
2213 1861 2322 1900 seu

397 1925 789 1989 consiliarios
821 1932 871 2004 2)
927 1937 1029 1987 aut
1076 1923 1300 2009 delegit
1346 1924 1505 2011 ipse,
1551 1937 1654 1987 aut
1694 1923 2101 1987 Communitas
2140 1946 2321 2004 com-

398 2010 969 2099 provincialiter,
1029 2010 1426 2095 generatim
1491 2033 1701 2097 nempe
1732 2021 2104 2095 congregata
2135 2007 2323 2072 eidem

399 2095 693 2160 arbitratu
748 2094 1012 2182 adjunxit
1069 2119 1198 2158 suo.
1229 2102 1279 2174 3)
1353 2093 1692 2158 Secundum
1767 2091 1877 2157 hos
1931 2107 1991 2166 et
2043 2093 2106 2156 in
2149 2093 2321 2158 Judi-

539 2311 584 2381 1)
629 2311 761 2362 Alex.
794 2311 960 2361 Adami
991 2317 1040 2361 et
1069 2310 1237 2361 Funke
1269 2327 1418 2377 opera
1448 2312 1508 2361 ad
1539 2316 1569 2372 ς
1602 2308 1699 2361 51.
1734 2308 1830 2380 (2)
1862 2317 1956 2360 cet.

534 2412 585 2482 2)
632 2413 922 2478 Congruunt
951 2411 1028 2462 his
1057 2411 1202 2462 verba
1232 2412 1389 2478 privil.
1426 2412 1564 2463 Civit.
1593 2411 1793 2478 Zagrab.
1828 2411 1888 2460 de
1918 2426 1963 2461 a.
1991 2407 2151 2462 1266
2187 2427 2320 2472 „nec

403 2500 453 2550 in
477 2498 694 2565 judicem
725 2498 800 2548 vel
830 2496 935 2563 ejus
964 2498 1278 2548 Assessorem
1313 2498 1411 2548 sive
1444 2498 1852 2548 Consiliarium.“

537 2597 588 2667 3)
634 2600 830 2664 Regest.
869 2599 1039 2649 Varad.
1082 2614 1218 2648 num.
1252 2595 1392 2650 323.
1434 2599 1614 2648 Paulus
1656 2597 1887 2661 (Curialis
1919 2597 2099 2648 Comes
2138 2597 2198 2647 de
2238 2597 2326 2647 Bi-

407 2686 530 2736 chor
570 2702 628 2735 ex
664 2684 1153 2750 praecepto-domini
1197 2685 1273 2734 sui
1310 2685 1462 2734 Micae
1505 2683 1708 2734 Comitis
1749 2682 1896 2748 hujus
1946 2699 2122 2733 causae
2169 2682 2326 2733 Judex

407 2771 732 2838 constitutus)
758 2770 906 2836 jussit
935 2770 1241 2820 nominatum
1271 2770 1565 2820 Pristaldum
1596 2769 1866 2829 adducere,
1910 2775 2028 2818 tunc
2059 2768 2323 2819 adversarii

409 2855 717 2922 objecerunt:
752 2871 864 2905 eum
894 2855 1067 2906 falsum
1100 2871 1210 2905 esse
1241 2855 1558 2917 Pristaldum3
1592 2855 1769 2904 Paulus
1798 2854 1960 2919 itaque
1989 2853 2146 2904 Judex
2176 2869 2327 2920 prae-

411 2941 542 3007 cepit
568 2942 932 2991 Assessores
963 2940 1174 3001 Judicis,
1209 2940 1350 3005 cujus
1375 2957 1430 2990 se
1461 2940 1753 2991 Pristaldum
1785 2938 2050 2999 asserebat,
2084 2939 2326 2990 adducere

412 3034 505 3079 cet.
553 3026 657 3076 Ibid
698 3042 834 3076 num.
873 3022 1011 3076 203.
1053 3025 1299 3075 Palatinus
1332 3025 1444 3076 dato
1476 3026 1712 3086 termin0,
1755 3025 1838 3076 ubi
1867 3024 1975 3090 ipse
2007 3041 2118 3075 cum
2152 3025 2328 3077 Com—

412 3111 887 3178 provincialihus
919 3111 1199 3160 discuteret.
1247 3109 1541 3162 Laurentius
1572 3111 1721 3160 Palat.
1764 3126 1809 3160 a.
1849 3106 2008 3160 1268
2052 3107 2154 3180 (VI.
2189 3127 2232 3160 v.
2271 3107 2323 3160 1.

411 3214 462 3264 p.
491 3192 640 3267 349)
673 3212 786 3247 cum
817 3197 876 3246 ad
909 3196 1206 3246 Comitatum
1238 3196 1625 3261 Simeghiensem
1659 3195 1936 3246 transmissi
1967 3195 2326 3246 exstitissemus

416 3289 465 3332 et
501 3283 716 3349 quinque
755 3281 944 3332 nobiles
986 3282 1046 3331 de
1085 3281 1193 3346 ipso
1234 3281 1477 3333 Comitatu
1517 3282 1657 3332 electi
1689 3297 1779 3347 per
1809 3296 1980 3332 omnes
2010 3280 2227 3341 nobileS,
2266 3280 2327 3330 de

418 3368 588 3418 eodem
630 3367 902 3428 Comitatu,
953 3366 1097 3418 nobis
1135 3352 1232 3431 per·
1263 3383 1374 3417 eum
1415 3368 1464 3417 in
1505 3368 1666 3418 socios
1705 3367 1921 3433 deputati
1960 3365 2073 3432 jure
2113 3364 2326 3431 jurando

419 3459 513 3502 cet.
554 3454 609 3502 In
640 3453 712 3504 lit.
745 3469 790 3502 a.
831 3449 1030 3520 1273„
1053 3452 1153 3501 Nos
1185 3452 1443 3517 Dyonisius
1474 3453 1716 3503 Palatinus
1747 3459 1841 3503 cet.
1875 3453 1925 3502 in
1957 3451 2200 3501 Comitatu
2231 3449 2326 3498 Za-

421 3535 621 3588 ladiensi
658 3537 708 3587 in
749 3525 1156 3603 Congregationis
1198 3537 1439 3602 CollegiO,
1484 3539 1566 3590 ubi
1599 3538 1810 3589 universi
1840 3536 2036 3588 Nobiles
2066 3541 2115 3586 et
2142 3533 2328 3585 Jobba-
