2384 3886
427 220 553 277 290

1302 460 1345 536 s
1390 463 1490 520 94.

604 632 817 698 hisque
855 636 1065 680 avitam
1106 629 1164 679 in
1201 634 1494 694 perpetua
1539 633 1807 691 tempora
1845 625 2182 677 libertatem

561 800 656 860 De
683 795 797 858 hac
827 818 937 858 nos
959 797 1083 880 jam
1116 791 1271 878 apud
1292 794 1549 853 Hunnos
1577 803 1636 853 et
1657 789 1716 852 in
1741 793 2062 876 Hungaria
2088 789 2200 854 suh
2228 791 2353 854 Du-

434 884 602 946 cibus
638 881 978 960 diximus.1)
1044 877 1217 955 Quod
1259 875 1447 961 igitur
1486 876 1812 963 scriptores
1857 876 1983 954 alii,
2031 889 2354 964 praeeunte

430 969 688 1033 Humeio
706 1018 721 1047 ,
777 968 877 1053 qui
902 970 1054 1029 scita
1079 961 1347 1026 Eduardi
1368 961 1750 1024 Confessoris
1783 985 1856 1025 ex
1880 966 2109 1050 Magna
2129 963 2355 1027 Charta

430 1055 695 1142 Angliae
720 1054 932 1117 elicere
964 1047 1295 1124 contendit,
1348 1046 1502 1133 apud
1525 1070 1636 1110 nos
1664 1046 1887 1111 faciunt
1921 1048 2101 1127 idem,
2141 1062 2235 1127 ut,
2280 1074 2355 1114 ex

431 1143 608 1205 Bulla
638 1162 820 1203 aurea
858 1134 1138 1201 Andreae
1162 1136 1239 1196 11.
1277 1130 1640 1195 edissertare
1699 1135 2179 1221 praerogativam
2221 1160 2352 1224 per—

430 1240 610 1314 gant,
671 1248 845 1311 quam
891 1223 943 1287 d.
978 1219 1326 1308 Stephanus
1377 1219 1642 1304 equestri
1684 1220 2197 1296 asseruitordini3
2249 1245 2351 1293 no-

428 1314 524 1376 his
575 1313 773 1375 facere
818 1331 1069 1373 necesse
1116 1329 1234 1369 non
1280 1316 1391 1366 est.
1456 1305 1571 1367 His
1615 1305 1799 1368 Belae
1829 1307 2021 1404 Regis
2059 1308 2353 1371 Notarius

432 1398 621 1462 seculi
641 1401 816 1461 XllI.
843 1394 1103 1482 scriptor
1128 1391 1361 1455 axioma
1387 1390 1748 1454 Nobilium
1770 1390 2006 1467 tribu1t3
2038 1393 2351 1456 maximum

429 1509 571 1548 vero
597 1482 827 1571 Arpadi
859 1478 1192 1545 convivium
1222 1476 1305 1540 ita
1334 1475 1636 1554 describit,
1669 1489 1736 1539 ut
1771 1475 1945 1564 hujus
1978 1503 2210 1566 quoque
2240 1479 2352 1542 sub

433 1571 734 1656 exemplo,
796 1567 1105 1641 milites,
1161 1560 1645 1649 dominosque,
1696 1586 1779 1625 fex
1828 1577 2117 1652 perpetua
2169 1587 2352 1651 gene-

430 1658 516 1719 ris
552 1655 745 1719 nostri
791 1655 959 1740 lege,
1015 1649 1250 1725 eadem,
1306 1671 1490 1712 aurea
1531 1647 1804 1710 nimirum
1844 1651 2236 1736 praefulsisse
2285 1651 2353 1713 li-

431 1744 665 1806 bertate
698 1742 975 1804 eluceret.
1028 1735 1151 1800 Sed
1187 1734 1344 1797 hunc
1379 1734 1556 1797 etiam
1586 1733 1746 1796 illius
1775 1734 1970 1798 locum
2005 1739 2130 1823 jam
2189 1749 2352 1824 pate-

428 1830 677 1892 fecimus
701 1834 751 1908 2)
779 1839 970 1889 antea.
1014 1826 1081 1887 N
1085 1847 1117 1886 e
1146 1821 1347 1906 itaque
1374 1819 1518 1882 nihil
1548 1843 1817 1906 agamus,
1851 1822 2050 1885 Prisci
2070 1822 2353 1887 Rhetoris

429 1915 491 1976 in
547 1913 891 1978 memoriam
950 1908 1134 1973 verba
1180 1928 1531 1969 revocamus
1589 1906 1899 1970 testantis:
1951 1911 2126 1995 Lege
2185 1912 2352 1971 Hun-

430 2022 642 2063 norum
668 2019 992 2084 quemque,
1049 1992 1204 2081 apud
1249 2014 1353 2054 eos
1400 1991 1499 2078 qui
1533 1991 1808 2077 degeret,
1857 1995 2163 2058 tolerato
2208 1993 2352 2058 bel-

433 2086 654 2148 lorum
707 2083 978 2159 labore,
1025 2080 1156 2142 sine
1197 2077 1320 2140 ulla
1358 2078 1539 2140 vitam
1597 2100 1888 2164 peragere
1929 2078 2351 2154 sollicitudine3

433 2194 613 2233 unum
651 2191 941 2255 quemque
974 2187 1213 2251 nempe
1249 2185 1392 2225 eam
1425 2163 1783 2240 bonorum,
1830 2186 2002 2250 quam
2032 2166 2086 2228 ei
2118 2165 2354 2229 fortuna

431 2255 711 2331 indulsit,
765 2252 1212 2316 fruendorum
1260 2248 1481 2312 habere
1523 2260 1910 2335 potestatem,
1964 2274 2135 2315 nemo
2175 2264 2242 2315 ut
2268 2251 2354 2313 illi

435 2364 551 2427 qua
582 2339 813 2402 demum
838 2359 1065 2422 cunque
1094 2336 1156 2398 in
1186 2358 1285 2410 re,
1333 2358 1407 2397 ne
1430 2334 1670 2396 minima
1700 2333 1958 2421 quidem,
1995 2337 2355 2423 negotium

435 2424 643 2490 exhih
658 2435 844 2500 eret,
909 2433 1012 2484 aut
1071 2421 1360 2484 molestus
1415 2432 1594 2482 esset.
1624 2428 1674 2499 3)
1733 2419 2153 2486 Adscribimus
2213 2423 2354 2486 item

432 2511 618 2574 verba
647 2509 806 2597 juris
843 2504 1344 2571 consuetudinarii
1370 2504 1721 2590 Hungariae
1755 2529 1830 2568 ex
1867 2520 1977 2571 art.
2011 2517 2178 2572 2—3
2213 2508 2354 2572 Bul-

571 2702 630 2763 1)·
659 2697 778 2747 Vide
819 2711 968 2762 supra
1012 2694 1118 2745 l.1.
1166 2698 1196 2754 §
1231 2687 1325 2744 14.
1373 2693 1407 2743 l.
1442 2693 1503 2744 ΙΙ.
1553 2699 1583 2754 5
1615 2690 1712 2743 29.
1768 2693 1838 2743 Ad
1876 2709 1999 2759 quos
2044 2695 2265 2745 Romano
2312 2695 2353 2744 si

434 2787 568 2852 loqui
606 2799 692 2835 ore
728 2781 876 2843 veIiS‚
919 2797 975 2831 ea
1004 2779 1139 2830 Festi
1171 2786 1266 2840 „ut
1296 2779 1378 2844 qui
1411 2779 1593 2845 optima
1622 2779 1729 2843 lege
1759 2778 1962 2840 fuerint;
2004 2781 2188 2845 optimo
2212 2779 2350 2845 jure3

437 2890 496 2923 eo
522 2871 660 2938 jure,
702 2883 799 2932 quo
830 2867 912 2932 qui
944 2867 1169 2932 optimo“
1202 2864 1319 2914 item
1354 2865 1520 2925 „cives
1552 2865 1737 2930 optimo
1763 2864 1903 2930 jure,
1933 2865 2113 2930 optima
2145 2866 2251 2931 lege
2280 2865 2353 2914 vel

437 2956 759 3009 conditione“
793 2952 989 3017 penitus
1021 2950 1278 3016 quadrent.

570 3045 618 3105 2)
665 3039 825 3103 Supra
853 3043 884 3098 δ
916 3033 1014 3087 32.
1047 3035 1108 3086 ad
1141 3031 1196 3085 3.

572 3130 620 3190 3)
666 3126 824 3189 Supra
852 3123 886 3172 l.
925 3120 977 3172 1.
1018 3126 1048 3181 §
1082 3114 1177 3170 14.
1223 3119 1323 3170 Nec
1354 3120 1594 3185 imperare
1625 3121 1743 3171 mihi
1773 3137 2004 3188 possum,
2050 3123 2166 3189 quin
2207 3123 2351 3189 capit.

442 3214 602 3266 Caroli
646 3209 764 3263 calvi
800 3200 860 3258 X.
901 3207 1090 3271 (Baluz.
1130 3206 1187 3255 T.
1221 3205 1283 3256 ll.
1324 3222 1374 3272 p.
1411 3203 1557 3269 263)
1594 3207 1845 3274 subjiciam
1880 3215 1969 3271 „et
1998 3209 2040 3259 si
2069 3208 2227 3259 allodo
2260 3199 2351 3259 suo

442 3302 602 3367 quiete
643 3298 715 3349 uti
751 3294 982 3355 voluerit,
1025 3292 1188 3343 nullus
1227 3292 1270 3342 ei
1311 3292 1507 3358 aliquod
1537 3293 1970 3358 impedimentum,
2008 3294 2166 3344 facere
2203 3308 2351 3360 prae-

442 3393 678 3443 summat,
719 3396 878 3446 neque
910 3380 1039 3430 aliud
1070 3378 1248 3442 aliquid
1278 3378 1337 3428 ab
1369 3393 1427 3429 eo
1459 3379 1757 3444 requiratur,
1797 3380 1892 3430 nisi
1923 3378 2256 3439 solummodo,
2295 3385 2350 3429 ut

440 3474 498 3521 ad
537 3471 720 3536 patriae
758 3466 1094 3516 defensionem
1131 3468 1360 3528 pergat.“
1409 3465 1541 3523 Quae
1572 3466 1825 3516 manifeste
1855 3481 1912 3516 ex
1941 3463 2131 3524 Prisco,
2172 3463 2221 3513 id
2251 3470 2345 3526 est,

438 3557 657 3613 moribus
688 3554 977 3603 Hunnorum
1012 3557 1169 3601 sumta
1201 3557 1331 3600 sunt.
