2384 3886
1878 182 2001 240 153

0 366 27 406 ,ῖς
101 335 206 408 (ex
235 325 464 390 aldani
505 325 772 403 laudare,
803 324 1248 403 concelebrare,
1277 324 1430 388 bene
1455 322 1712 412 precari)
1739 321 2001 385 dicimus.

1 423 55 489 ἦ*
98 411 443 499 Religiones
475 411 794 487 universe,
823 420 891 472 ut
917 409 1071 489 apud
1103 410 1380 496 populum
1409 432 1444 471 a
1477 407 2003 497 superstitionibus

19 529 53 562 ῑ.
99 495 544 575 abhorrentem,
575 517 820 582 paucae3
851 491 1019 558 tanto
1054 506 1196 557 vero
1225 495 1396 580 plura
1417 494 1753 581 proverbia,
1788 492 2002 580 quibus

3 583 75 660 gg*
99 595 263 646 recte
293 582 522 646 vivendi
548 592 889 668 praecepta,
931 578 1018 643 ori
1054 602 1285 666 quoque
1307 580 1471 664 vulgi
1527 580 1655 644 sine
1709 579 2001 666 magistro

97 667 516 732 insererentur.
551 670 779 729 Horum
804 688 1002 742 unum,
1030 664 1185 752 quod
1205 665 1618 742 severitate,
1647 679 1714 729 et
1743 666 2003 731 honore

99 765 168 816 et
222 751 526 851 praemio
565 751 746 838 >regi
803 755 1182 838 Hungaros
1239 749 1541 837 perhibet,
1589 751 2001 838 occupavimus

0 834 59 887 ἓῑτ
97 838 262 912 alib1;
297 837 616 925 repetimus
638 861 812 915 nune,
843 849 908 900 ut
929 835 1263 900 memineris
1299 835 1401 898 illa
1431 836 1584 922 apud
1614 835 2001 901 Thucididem
2031 846 2034 848 ’

97 922 384 1001 „honore,
418 935 603 999 metu,
640 922 895 986 utilitate
928 923 1116 986 evecti
1146 920 1415 984 maximis
1450 921 1857 1007 argumentis“
1884 947 2003 985 non

2 1005 34 1053 ²¹³*
98 1007 270 1070 unius
306 1008 458 1096 apud
488 1007 597 1071 hos
629 1007 738 1070 viri
770 1008 1154 1084 sententiam,
1202 1006 1308 1070 sed
1339 1006 1523 1069 totius
1548 1007 1830 1093 judicium
1856 1032 2001 1094 gen-

95 1092 403 1167 tissuisse.
450 1093 562 1157 Cui
592 1094 765 1180 plane
802 1099 1261 1158 consentaneum
1286 1092 1463 1155 etiam
1500 1091 1620 1156 hoc
1662 1105 1757 1156 est
1804 1094 2000 1181 paullo

95 1190 232 1242 ante
273 1179 537 1256 allatum,
585 1203 698 1266 quo
721 1203 828 1267 per
858 1203 960 1244 eos
992 1177 1324 1242 nascendi
1354 1178 1651 1265 pretium
1700 1202 1893 1242 omne
1931 1178 2000 1241 in

93 1263 467 1328 honestate
507 1265 851 1352 ponebatur.
906 1265 1092 1327 Plura
1130 1263 1280 1327 enim
1338 1263 1567 1328 adferre
1606 1265 1876 1327 consulto
1903 1288 2000 1326 su-

92 1350 408 1437 persedeO,
453 1350 636 1437 probe
667 1375 918 1437 gnarus:
965 1349 1252 1413 communi
1286 1348 1616 1413 mortalium
1646 1350 1815 1428 vitio,
1860 1350 2000 1412 alie—

0 1458 3 1463 ·
92 1458 203 1497 nas
251 1436 502 1499 virtutes
560 1438 878 1514 neminem,
940 1436 1056 1498 nisi
1103 1435 1419 1512 hactenuS,
1479 1435 1682 1499 audire
1729 1436 1999 1512 libenter,

93 1544 209 1607 qua
251 1546 353 1585 eas
396 1522 686 1584 similibus
740 1535 841 1585 aut
880 1521 1007 1584 suis
1047 1533 1149 1583 aut
1185 1544 1424 1583 suorum
1453 1520 1724 1584 laudibus
1763 1521 1999 1606 aequari

93 1607 406 1670 existimat.
453 1608 723 1693 Singulis
748 1608 1022 1693 singulae
1047 1630 1293 1679 uxores;
1315 1613 1367 1686 4)
1394 1606 1499 1669 sed
1518 1606 1753 1669 nomina
1783 1608 2001 1692 Oreg-

93 1691 211 1754 bik
255 1697 496 1771 Uram,
552 1692 904 1756 Kisebbik
947 1697 1189 1768 Uram,
1244 1694 1575 1778 Kozepsii
1630 1696 1840 1756 Uram
1890 1693 2001 1773 (ita

92 1775 380 1864 hodieque
425 1779 700 1842 mulieres
748 1779 818 1843 de
861 1779 1041 1864 vulgo
1085 1779 1302 1840 fratres
1339 1777 1533 1840 mariti
1577 1784 1816 1858 vocant)
1851 1778 2000 1841 anti-

94 1863 410 1950 quissimae
460 1864 717 1927 retinent
781 1864 1119 1927 memoriam
1171 1862 1613 1927 consuetudinis
1636 1912 1650 1938 ,
1721 1887 1870 1950 quae
1929 1864 1999 1927 de

90 1949 395 2026 uxoribus,
417 1949 737 2036 liberisque
776 1948 1245 2012 communibus
1276 1949 1430 2036 apud
1465 1948 1729 2034 Scythas
1752 1949 1999 2026 Abios,

32 2063 37 2075 ·
92 2034 164 2097 ad
199 2034 636 2098 similitudinem
657 2036 957 2099 doctrinae
984 2035 1275 2111 Platonis,
1309 2034 1513 2120 viguit.
1532 2042 1582 2115 5)
1615 2034 1814 2098 Nobis
1837 2058 1999 2098 more

8 2147 11 2150 ·
90 2121 492 2184 vetustissimo
538 2121 649 2184 emi
687 2146 838 2185 uxor
880 2120 1110 2202 (venni)
1143 2119 1429 2206 vendi'que
1470 2120 1718 2201 (eladni)
1760 2119 1997 2195 dicitur3

92 2205 256 2284 dote,
317 2229 488 2292 quam
539 2207 788 2270 maritus
842 2206 1191 2295 paciscitur,
1250 2229 1358 2293 pro
1407 2206 1597 2293 pretio
1650 2220 1906 2293 accepta.
1946 2213 1997 2286 ⁶)

92 2394 292 2444 Slavinis
309 2392 548 2458 judicium
568 2394 683 2444 ferri
700 2393 990 2444 Varadiense
1007 2391 1315 2462 vocabatur).
1347 2393 1417 2443 De
1447 2393 1709 2443 aldomas
1737 2393 1999 2458 Hungaro-

91 2496 227 2539 rum,
257 2479 496 2544 simulque
523 2480 656 2529 cultu
682 2480 768 2530 Dei
797 2479 898 2540 sui,
927 2480 1287 2545 pulcherrimus
1313 2480 1363 2529 in
1393 2478 1714 2544 scriptoribus
1734 2494 1829 2528 rer.
1852 2479 1994 2528 alem.

92 2563 306 2615 Goldasti
346 2580 396 2628 p.
433 2561 529 2637 32.
571 2571 726 2615 exstat
762 2565 926 2625 locuS‚
968 2565 1049 2630 qui
1086 2565 1151 2615 ita
1181 2565 1355 2615 habet:
1398 2565 1571 2615 Vinum
1615 2580 1808 2629 quoque
1838 2564 1997 2629 plenis

92 2650 265 2715 cuppis
303 2649 352 2698 in
393 2649 554 2698 medio
593 2650 809 2714 positum
849 2650 953 2699 sine
995 2650 1314 2711 discretione,
1364 2656 1599 2715 quantum
1646 2665 1889 2714 quemque
1935 2649 1999 2699 li—

90 2728 286 2795 buerat,
327 2734 512 2797 hausit3
548 2742 811 2801 ‘postquam
849 2751 963 2785 vero
994 2751 1130 2785 mero
1161 2736 1487 2796 incaluerant,
1529 2735 1865 2785 horridissime
1895 2735 1997 2785 Diis

91 2822 193 2871 suis
226 2819 295 2882 (Ἰ)
325 2821 726 2870 vociferebantur.
776 2821 994 2871 Clericus
1025 2828 1187 2870 autem
1217 2820 1409 2887 linguae
1441 2836 1610 2871 eorum
1649 2820 1775 2870 bene
1814 2820 1995 2871 sciolus

93 2911 318 2971 (propter
358 2906 489 2970 quod
527 2906 670 2956 etiam
710 2922 821 2957 eum
851 2907 973 2957 vitae
1005 2910 1360 2969 servaverant),
1405 2920 1518 2957 cum
1548 2905 1619 2956 eis
1650 2906 1863 2957 valenter
1893 2906 1997 2956 cla-

92 2991 253 3040 mabat
283 2997 377 3040 cet.
1550 2984 1555 2996 ‘

222 3075 274 3143 ⁴)
319 3076 462 3125 Belae
490 3077 549 3126 R.
574 3077 685 3127 Not.
720 3093 827 3143 cap.
850 3077 888 3127 1.
924 3078 1273 3140 „solummodo
1304 3077 1641 3143 unusquisque
1672 3093 1810 3127 suam
1840 3076 1996 3126 habe-

91 3161 174 3212 bat
201 3166 462 3212 uxorem.“

224 3246 276 3316 5)
321 3247 522 3312 Scythas
559 3243 734 3297 Abios
773 3263 831 3298 ex
868 3248 1090 3298 instituto
1129 3248 1343 3300 Platonis
1380 3262 1598 3299 uxores
1644 3247 1992 3312 liberosque

91 3347 431 3383 communes
462 3331 708 3382 habuisse.
747 3333 863 3383 Vide
894 3333 961 3383 sis
991 3334 1119 3398 apud
1150 3334 1440 3385 Strabonem
1472 3332 1648 3396 Geogr.
1680 3348 1730 3398 p.
1767 3328 1907 3383 300.

226 3417 275 3487 ⁶)
321 3417 597 3483 Emptionis
626 3433 832 3468 uxorum
863 3418 994 3483 apud
1024 3418 1274 3471 Hebraeos
1306 3433 1501 3485 quoque
1530 3431 1676 3467 usum
1713 3417 1808 3469 1.1.
1841 3417 1992 3468 Mosis

50 3461 55 3467 ·
94 3502 258 3554 XXIX.
298 3501 391 3554 18.
424 3503 462 3553 Ι.
506 3503 637 3554 Sam.
670 3503 833 3554 XVIII.
882 3500 978 3553 25.
1012 3503 1242 3555 indicant.
