2384 3886
1878 193 2000 254 157

99 336 358 423 cipibuS,
405 349 466 400 et
499 335 737 413 luctari,
782 332 1066 420 quosdam
1098 333 1275 396 etiam
1304 334 1484 396 armis
1517 357 1898 413 concurrere,
1946 347 2007 399 et

98 434 377 509 quantum
405 421 745 507 disciplinae
767 419 1013 481 bellicae
1065 431 1343 494 nossent,
1406 418 1718 483 ostendere
1755 444 2001 485 consue-

95 507 256 570 visse
288 507 486 570 itidem
505 510 628 592 jam
672 528 788 568 non
835 527 908 567 ex
954 503 1081 566 solo
1125 504 1380 567 Notario
1413 504 1538 582 illo,
1569 513 1619 586 2)
1666 506 1773 569 sed
1809 506 1869 569 in
1902 530 2006 570 no-

0 614 33 669 ssss-
94 616 231 655 vum
270 591 406 656 fidei
451 595 578 738 effus
623 600 1064 675 argumentum,
1121 588 1297 651 etiam
1336 613 1410 652 ex
1458 589 1770 654 Chronicis
1806 615 2004 655 mona-

7 690 14 700 *
96 677 264 741 sterii
306 703 354 741 s.
394 683 475 739 Ga
500 675 539 738 li
584 673 653 737 de
702 675 902 737 seculo
931 677 1010 737 X.
1053 672 1341 737 novimus.
1372 680 1422 752 3)
1489 676 1721 738 Caenas
1759 680 2006 741 Germa-

16 798 19 805 >
94 787 302 826 norum
346 759 940 846 consuetudinemque
988 758 1232 821 consilia
1267 758 1502 846 publica
1529 760 1589 822 in
1615 760 1710 823 his
1742 761 2006 848 agitandi

94 847 342 911 Tacitus
383 847 608 920 laudat3
667 844 820 908 hanc
864 858 1060 910 tamen
1100 855 1239 930 post
1272 845 1532 931 paullum
1574 846 1822 910 desitam
1853 847 2007 935 apud

94 956 226 1010 eoS‚
281 955 468 1018 neque
498 931 582 994 illi
619 931 848 994 inficias
882 943 1054 1007 eunt,
1110 929 1207 1016 qui
1244 930 1303 993 in
1340 929 1450 992 hac
1489 930 1740 1018 aliquem
1780 933 2008 1018 gloriae

95 1041 160 1080 re
205 1030 390 1080 onunt
433 1029 758 1103 quaestum.
816 1020 886 1078 In
928 1016 1123 1079 libello
1166 1015 1409 1079 Notarii
1446 1017 1628 1079 Belae
1660 1018 1848 1104 Regis
1891 1041 2008 1080 non

93 1041 274 1180 bella,
331 1127 448 1166 non
496 1102 741 1188 negotia
786 1102 936 1164 alius
977 1101 1218 1188 generis
1259 1103 1488 1190 plureS,
1536 1125 1708 1187 quam
1742 1103 2008 1168 convivia

91 1188 344 1276 paginas
377 1201 688 1276 occupant3
734 1211 982 1275 prorsus
1017 1200 1080 1249 ut
1117 1187 1197 1250 sit
1223 1187 1350 1251 veri
1382 1187 1764 1267 simillimum,
1812 1212 2008 1276 quem—

93 1274 399 1338 admodum
428 1276 653 1337 Persas
687 1274 747 1335 in
772 1273 934 1349 vino,
961 1280 1013 1353 4)
1059 1273 1142 1335 ita
1178 1277 1504 1359 Hungaros
1534 1272 1594 1336 in
1627 1274 1893 1338 convivio
1935 1274 2006 1337 de

91 1360 270 1422 rebus
317 1358 586 1422 maximis
631 1359 1022 1421 consultasse.
1077 1361 1240 1422 Usus
1286 1380 1538 1444 namque
1591 1359 1712 1422 vini
1751 1384 1870 1423 non
1908 1359 2006 1438 ille

93 1445 322 1532 quidem
358 1444 700 1530 incognitus
729 1443 981 1520 nostriS,
1028 1443 1182 1529 quod
1215 1444 1308 1505 vel
1341 1466 1552 1506 nomen
1583 1443 1760 1531 hujus
1797 1469 2004 1508 verna-

92 1531 283 1593 culum
312 1531 558 1604 indicat3
606 1529 731 1606 sed,
771 1542 838 1592 ut
865 1553 974 1617 pro
1007 1528 1236 1592 modica
1263 1529 1449 1616 copia,
1483 1530 1870 1615 parcissimus
1904 1555 2006 1593 an-

90 1629 214 1693 tea,
260 1616 348 1678 sic
378 1629 517 1706 post
545 1615 759 1679 aditam
786 1619 1083 1702 Europam
1112 1615 1370 1700 largior,
1410 1638 1600 1701 neque
1631 1628 1828 1679 tamen
1849 1617 2007 1679 ultra

0 1733 12 1746 ·
90 1702 227 1779 fuit,
296 1725 467 1788 quam
511 1725 585 1765 ex
622 1724 736 1787 quo
778 1724 983 1764 verum
1024 1699 1137 1763 hoc
1188 1723 1326 1764 esse
1367 1723 1729 1798 cognoscas:
1778 1702 2005 1766 animos

90 1787 226 1850 vino
263 1788 576 1864 florenteS‚
640 1786 713 1853 ad
745 1787 1050 1872 praeclara
1085 1786 1348 1848 facinora
1382 1798 1556 1849 etlam
1592 1787 1846 1850 alacrius
1889 1786 2008 1851 evi-

93 1873 269 1936 brari.
316 1873 487 1950 Quod
522 1872 594 1935 ad
620 1885 924 1958 posteros:
961 1873 1243 1959 pleraque
1273 1871 1657 1935 Comitiorum
1686 1897 1802 1936 sec.
1830 1877 2007 1937 XVI.

89 1957 291 2036 diaria,
324 1958 547 2045 scripta
566 1981 673 2045 per
692 1957 938 2021 nuncios
960 1956 1358 2020 Comitatuum
1380 1958 1837 2046 Civitatumque‚
1869 1959 2006 2046 plus

89 2189 234 2239 habet
265 2189 366 2240 Cic.
402 2191 600 2241 Tuscul.
634 2191 827 2256 Disput.
860 2190 893 2241 l.
928 2191 1003 2241 lv.
1038 2186 1144 2256 cap.
1178 2190 1261 2252 11.;
1296 2198 1425 2240 errat
1454 2197 1618 2240 tamen
1648 2189 1891 2255 imperitia
1922 2206 2007 2240 re-

90 2291 199 2327 rum
230 2273 537 2337 nostrarum,
582 2276 695 2326 dum
727 2277 1060 2327 Romanorum
1091 2292 1280 2326 morem
1311 2277 1443 2326 hunc
1474 2276 1532 2326 ab
1574 2275 1706 2326 Italis
1744 2275 2003 2326 defluxisse

91 2361 151 2411 ad
182 2361 439 2426 Hungaros
469 2357 726 2412 existimat.

226 2458 277 2530 2)
324 2462 443 2527 Cap.
477 2456 575 2512 46.

222 2561 273 2631 3)
317 2563 454 2628 Apud
489 2562 772 2614 Goldastum
818 2579 870 2630 p.
906 2559 1003 2614 32.
1063 2571 1151 2625 „et
1188 2564 1341 2614 effusa
1383 2563 1562 2617 laetitia
1610 2563 1787 2613 saltant
1833 2578 1998 2614 coram

89 2647 396 2713 Principibus
435 2654 483 2698 et
518 2648 779 2700 luctantur.
829 2649 1036 2708 Quidam
1067 2650 1211 2699 etiam
1242 2650 1389 2700 armis
1421 2655 1801 2709 concurrenteS‚
1847 2665 2006 2715 quan-

90 2740 194 2782 tum
225 2733 507 2798 disciplinae
537 2734 737 2784 bellicae
766 2742 998 2801 nossent,
1039 2735 1365 2785 ostendunt.“
1418 2735 1604 2786 Morem
1635 2735 1767 2784 hunc
1798 2736 1857 2785 ad
1887 2734 2007 2785 reli-

91 2834 234 2883 quam
267 2819 448 2868 deinde·
469 2819 719 2884 Europam
748 2827 1071 2886 propagatum
1103 2836 1213 2870 esse
1245 2822 1498 2871 contendit
1536 2820 1883 2882 Cornidesius‚
1925 2821 2004 2870 cui

90 2902 374 2954 Eichhornii
415 2905 474 2955 de
503 2905 653 2955 initiis
684 2912 1136 2957 torneamentorum
1160 2908 1289 2972 apud
1313 2907 1583 2957 Germanos
1615 2907 1854 2956 sententia
1885 2905 2006 2955 nihil

93 2988 236 3053 plane
266 2989 550 3054 refragatur.
597 2990 831 3057 Exempla
861 3009 999 3054 vero,
1044 3009 1166 3058 quae
1208 2993 1420 3043 Badikus
1451 2994 1501 3042 in
1540 3008 1694 3042 neues
1723 2991 1896 3041 Archiv
1930 2991 2008 3040 fur

91 3072 268 3123 Gesch.
317 3075 431 3123 anni
485 3072 640 3127 1833
690 3077 845 3128 adfert
865 3116 877 3138 ‚
931 3078 1224 3128 Hunnorum
1282 3075 1470 3146 (neque
1518 3078 1647 3127 enim
1703 3077 1870 3126 dubito
1926 3075 2005 3142 his

91 3157 498 3209 consuetudinem
529 3175 635 3210 eam
660 3161 760 3226 jam
793 3164 1075 3214 familiarem
1116 3161 1294 3233 fuisse)
1334 3180 1424 3229 per
1465 3164 1713 3228 Europam
1755 3161 2005 3211 dominatu

91 3244 367 3308 posteriora
400 3251 530 3294 sunt.

223 3343 275 3412 4)
323 3344 497 3394 Strabo
538 3345 652 3395 edit.
696 3347 962 3397 Amstelod.
997 3349 1056 3397 de
1092 3365 1135 3398 a.
1176 3346 1332 3400 1770
1377 3365 1427 3414 p.
1467 3344 1644 3396 1067.
1698 3345 1913 3406 „Persae
1944 3346 2003 3395 de

92 3429 241 3480 rebus
271 3430 492 3479 maximis
522 3430 572 3480 in
602 3430 712 3480 vino
744 3432 1047 3494 consultant,
1090 3449 1245 3499 eaque
1276 3434 1479 3485 Decreta
1509 3432 1601 3496 ipsi
1633 3431 1846 3480 firmiora
1878 3440 1999 3481 cen-

94 3521 228 3574 sent,
263 3531 407 3580 quam
440 3532 562 3580 quae
594 3516 741 3566 sobrii
773 3517 1013 3567 faciunt.“
