2384 3886
430 207 556 262 306

432 342 673 426 ligiose,
738 354 801 403 ut
835 340 1119 402 Hartvico
1153 353 1336 419 teste,
1389 342 1581 428 quoad
1615 342 1666 403 d.
1704 343 2045 429 Stephanus
2084 347 2143 409 in
2183 348 2334 411 vivis

432 427 567 504 suit,
626 448 822 488 nemo
873 425 1231 511 quisquam
1273 425 1618 514 hospitum
1663 427 1742 491 de
1791 428 2063 513 injuria
2097 430 2336 519 hujus-

433 510 610 574 modi
657 523 1088 596 quereretur.
1107 518 1158 590 3)
1221 512 1388 588 Quod
1427 514 1487 575 in
1515 526 1636 576 tam
1664 513 1828 576 brevi
1858 514 2050 599 spatio
2070 516 2339 581 effectum

432 595 529 681 qui
561 595 832 672 miratur,
880 595 1148 660 concedit
1177 598 1358 661 ultro:
1404 623 1521 662 non
1552 599 1781 685 quidem
1809 598 1953 661 nihil
1997 599 2338 679 doctrinam,

430 682 926 768 severitatemque
956 682 1230 769 exempli,
1290 683 1392 746 sed
1425 698 1695 747 naturam
1727 685 2067 772 plurimum,
2112 699 2340 751 tantum

430 790 681 852 namque
722 766 790 830 ad
830 771 1194 855 repentinam
1238 768 1390 831 hanc
1440 793 1695 846 morum,
1758 771 2015 834 anteacti
2055 773 2340 860 temporis

429 851 674 915 licentia
730 867 1140 941 corruptorum
1193 855 1702 918 commutationem
1767 856 2092 943 profuisse,
2149 871 2216 922 ut
2281 857 2342 920 in

429 961 605 1000 manu
650 938 760 1001 sit:
818 943 1146 1024 Hungaros
1205 963 1324 1001 non
1379 940 1453 1003 ad
1501 964 1711 1003 novam
1759 965 2007 1028 operose
2057 942 2342 1007 adductos

429 1022 827 1109 disciplinam,
906 1025 1010 1087 sed
1058 1023 1129 1086 ad
1174 1037 1432 1087 veterem
1482 1026 1806 1103 Abiorum,
1864 1051 1974 1090 sua
2017 1030 2343 1093 revertisse

431 1121 639 1194 sponte
679 1111 1050 1195 aequitatem.

564 1261 613 1333 3)
661 1265 787 1315 Edit.
823 1266 1002 1316 Podhr.
1036 1283 1086 1331 p.
1124 1265 1219 1317 79.

651 1476 767 1537 De
837 1476 1247 1541 Consilio
1317 1482 1584 1562 Reyis
1651 1502 1749 1542 ac
1813 1482 2116 1562 Requi.

1269 1670 1310 1745 g
1356 1673 1500 1728 llo.

797 1821 930 1886 Cap.
976 1822 1027 1870 V.
1070 1821 1167 1871 lib.
1208 1821 1246 1870 Ι.
1291 1821 1461 1872 Decr.
1502 1839 1545 1872 s,
1587 1823 1794 1890 Steph.
1837 1825 1973 1888 agit.

599 1968 989 2031 Consilium
1030 1970 1351 2055 Regium,
1379 1977 1426 2050 Ι)
1470 1971 1766 2056 Regalia
1807 1972 2225 2054 Consilia,2)
2267 1998 2340 2037 ne

430 2054 728 2137 legentem
745 2075 852 2140 per
871 2054 1085 2140 longas
1105 2056 1393 2141 ambages
1407 2056 1747 2141 fatigemuS,
1760 2056 1925 2123 „haud
1943 2081 2140 2135 secus,
2165 2072 2341 2146 atque

431 2139 644 2212 Curia,
679 2139 736 2200 in
774 2139 962 2202 literis
993 2141 1247 2204 vetustis
1270 2141 1466 2204 rarius
1501 2166 1609 2228 pro
1639 2143 2198 2230 collegiomajorum
2226 2149 2340 2209 Re-

428 2224 525 2309 gis
557 2223 991 2302 ministrorum,
1041 2239 1099 2289 et
1133 2227 1454 2290 Dicasterii
1492 2228 1689 2313 specie
1724 2229 1998 2314 quadam3
2044 2253 2159 2292 usu
2187 2255 2339 2293 com-

429 2309 588 2371 muni
609 2333 717 2396 pro
758 2311 1027 2374 Comitiis
1059 2312 1446 2399 accipiuntur.
1490 2314 1604 2375 His
1634 2315 2018 2377 Consilium
2045 2316 2338 2402 Regniss)

426 2396 829 2480 synonimum,
879 2397 1031 2483 quod
1059 2412 1196 2462 ante
1221 2411 1476 2462 aetatem
1505 2399 1785 2464 Andreae
1813 2404 1926 2463 ΠΙ.
1953 2415 2339 2489 caeptumque

426 2481 562 2544 novi
598 2482 1009 2569 appellationis
1049 2484 1227 2571 hujus
1267 2483 1595 2549 diverticuli
1641 2509 1837 2564 usum,
1884 2487 2109 2574 pariter
2142 2489 2337 2574 Regni

828 2615 932 2622 .—-...

562 2672 605 2730 ¹)
653 2670 836 2721 Chron.
880 2672 1137 2722 Thuroczii
1175 2672 1229 2722 P.
1263 2673 1323 2723 ΙΙ.
1366 2689 1409 2723 c.
1445 2667 1543 2723 46.
1590 2673 1760 2734 „misit
1798 2673 1942 2722 etiam
1980 2672 2081 2723 Rex
2119 2673 2338 2724 clemen-

428 2755 671 2815 tissimUS,
718 2764 772 2807 ut
809 2758 868 2806 de
907 2758 1109 2823 singulis
1147 2759 1267 2808 villis
1306 2767 1597 2810 vocarentur
1627 2760 1722 2810 duo
1755 2759 2035 2808 Seniores
2065 2759 2335 2809 facundiam

428 2839 662 2890 habentes
693 2843 752 2891 ad
783 2843 1024 2907 Regium
1058 2844 1458 2895 Consilium.“
1836 2834 1838 2841 l
1982 2890 1984 2893 f

559 2921 610 2995 2)
654 2927 873 2977 Albricus
903 2929 954 2978 in
984 2929 1140 2979 Praef.
1173 2931 1233 2979 ad
1262 2929 1372 2979 libr.
1392 2931 1429 2980 Ι.
1454 2930 1770 2981 Decretorum
1811 2929 2125 2979 Colonianni:
2171 2931 2335 2991 „Re-

428 3011 577 3075 galia
617 3013 940 3063 consilia.“
1423 3077 1425 3079 y

560 3098 606 3159 3)
652 3098 699 3147 Is
727 3098 949 3148 Albricus
979 3099 1158 3149 ibidem
1193 3100 1429 3166 „Regni
1469 3102 1837 3151 consilium“
1872 3101 2034 3151 habet.
2069 3101 2333 3153 Coloman-

430 3198 523 3232 nus
554 3183 803 3233 libertates
840 3184 967 3234 Cleri
997 3184 1259 3235 Dalmatiae
1284 3203 1328 3236 a.
1357 3184 1514 3236 1119
1557 3204 1707 3248 „cum
1740 3188 1992 3253 utriusque
2023 3188 2188 3252 regni
2219 3188 2334 3238 uni-³

428 3284 565 3318 verso
605 3270 866 3319 consilio
906 3272 1222 3321 confirmat.⁶‘
1270 3273 1382 3322 Bela
1415 3274 1474 3322 Π.
1507 3274 1857 3323 monasterium
1891 3274 1949 3323 de
1982 3273 2162 3324 Chatar
2190 3287 2330 3323 com-

429 3355 562 3403 muni
611 3356 776 3420 regni
822 3356 1083 3406 consilio
1124 3358 1307 3409 fundat.
1371 3359 1440 3409 De
1473 3359 1688 3409 Consilio
1736 3360 1871 3424 regni
1909 3375 1996 3410 seu
2042 3356 2327 3408 consiliariis

430 3437 747 3490 Comitiorum
786 3442 922 3506 regni
964 3443 1152 3492 delectu
1188 3445 1406 3494 Andreae
1447 3446 1527 3495 ΠΙ.
1572 3445 1813 3510 adjunctis
1853 3460 1941 3495 suo
1978 3445 2105 3494 loco.
2161 3442 2326 3507 Itaque

430 3522 632 3573 Deci-eto
663 3525 839 3578 Alberti
872 3528 1015 3589 Regis
1049 3529 1314 3579 Consilium
1347 3531 1483 3594 regni
1517 3531 1797 3594 dupliciter;
1832 3538 1878 3579 et
1897 3529 2096 3584 articulo
2131 3527 2322 3591 quidem
