2384 3886
410 197 534 254 264

410 335 570 397 tione
614 332 948 394 Comitatus
979 331 1108 415 ejus
1139 329 1418 416 explicat3
1441 334 1492 410 8)
1538 327 1695 390 hunc
1724 349 1867 390 vero
1903 327 2110 391 iisdem
2145 329 2330 392 ferme

412 417 650 482 exhibet
679 414 907 492 verbis,
956 414 1171 501 quibus
1212 414 1464 477 Priscus
1496 414 1557 475 in
1587 410 2093 500 repraesentando
2128 413 2330 478 Atilae

411 502 708 566 Comitatu
737 501 940 563 utitur.
985 500 1158 563 Nihil
1189 499 1364 563 addo:
1418 501 1568 563 satis
1602 498 1756 561 enim
1774 497 1869 561 vel
1898 522 1972 562 ex
2006 495 2101 559 his
2135 510 2195 562 et
2223 498 2330 561 ini-

409 589 556 652 tium
575 585 834 650 instituti
857 585 1168 672 utriusque
1193 585 1266 649 ad
1285 589 1576 662 Francos,
1598 584 1672 647 ab
1692 582 1787 645 his
1809 582 1882 647 ad
1910 581 2059 646 alios
2084 581 2330 647 derivati

408 673 768 761 perspicitur
809 684 870 735 et
910 671 1281 735 arctissimae
1330 670 1575 736 Ordinis
1618 668 1837 733 Palatii
1859 666 2014 756 apud
2056 665 2330 746 HunnoS,

408 764 699 836 Francos,
723 761 1172 844 Hungarosque
1191 757 1468 821 affinitas
1496 754 1828 841 Utrobique
1867 753 2152 830 Ministri,
2183 776 2332 840 quos

411 869 527 908 usu
550 847 676 930 jam
713 844 1006 930 longaevo
1047 843 1582 920 Thavernicorum‚
1618 840 2059 928 Dapiferorum‚
2089 838 2332 902 Pincer-

409 953 638 1007 narum,
671 932 1035 1015 Agazonum
1059 929 1395 1015 Magistros
1423 927 1693 1000 dicimus,
1730 929 2074 1003 Venatores
2102 923 2243 988 item
2274 936 2335 987 et

410 1018 629 1080 Comes
656 1019 1027 1078 Praeconum
1058 1015 1415 1100 Regiorum,
1463 1013 1686 1099 singuli
1707 1010 1976 1076 homines
2000 1009 2336 1074 habuerunt

408 1106 454 1167 J
459 1100 824 1164 urisdictioni
859 1099 1147 1164 obnoxios
1181 1123 1342 1162 suae.
1389 1101 1520 1176 Quo
1552 1096 1747 1183 magis
1778 1097 1978 1183 itaque
2007 1094 2336 1159 mirandum

413 1200 527 1265 est,
559 1199 786 1249 tantam
809 1209 927 1249 non
948 1186 1010 1247 in
1039 1185 1391 1271 quibusdam
1418 1184 1490 1248 de
1508 1184 1695 1268 vulgo
1720 1182 2086 1260 hominibus,
2127 1179 2230 1245 sed
2249 1180 2333 1244 vi-

410 1273 496 1335 ris
530 1273 679 1334 alias
710 1271 863 1335 bene
896 1270 1190 1334 institutis
1235 1271 1438 1334 inesse
1479 1267 2046 1346 dissimilitudinem,
2104 1280 2169 1331 ut
2203 1289 2334 1330 cum

410 1357 880 1421 ministerialium
903 1356 1117 1421 horum
1142 1355 1445 1421 hominum
1471 1366 1724 1419 aetatem
1757 1353 2027 1419 conditae
2048 1352 2202 1442 apud
2222 1375 2334 1415 nos

408 1441 795 1507 Monarchiae
828 1443 1134 1530 aequalem
1170 1454 1527 1530 agnoscant3
1580 1441 1896 1505 Ministros
1924 1453 2122 1504 tamen
2142 1487 2158 1517 ‚
2205 1441 2333 1525 qui-

410 1529 525 1592 bus
567 1528 805 1592 obnoxii
855 1542 1058 1608 erant,
1121 1529 1270 1593 alios
1314 1529 1447 1591 aliis
1491 1525 1752 1605 tardius,
1797 1549 1908 1589 nec
1946 1538 2112 1603 ante,
2159 1547 2334 1611 quam

411 1614 676 1679 muneris
728 1639 933 1679 eorum
986 1614 1046 1677 in
1090 1615 1529 1702 Diplomatibus
1577 1612 1952 1699 sequentium
2001 1624 2334 1697 temporum

413 1714 689 1765 occurrat
727 1700 976 1778 mentio,
1031 1701 1429 1778 constitutOS,
1475 1698 1868 1786 paucissimos
1916 1696 2104 1783 igitur
2146 1695 2334 1759 fuisse
2383 1735 2384 1738 =

413 1787 781 1863 existiment,
817 1810 1067 1873 quorum
1096 1799 1291 1851 ortum
1324 1784 1398 1849 ad
1430 1784 1481 1848 d.
1515 1783 1885 1872 Stephanum
1914 1795 2215 1859 auctorem
2241 1805 2335 1844 re-

411 1873 569 1936 ferre
610 1872 802 1935 liceat.
855 1871 977 1934 Sed
1022 1870 1171 1936 haec
1204 1871 1289 1935 illi
1320 1871 1600 1945 viderint3
1646 1869 1836 1934 nobis
1860 1891 2215 1956 persvasum
2253 1865 2336 1931 sit

413 1958 558 2020 nihil
602 1958 662 2020 in
704 1958 824 2020 ulla
863 1956 1283 2021 Institutorum
1321 1957 1678 2055 Hungariae
1710 1967 1882 2043 parte
1916 1954 1952 2019 a
1978 1952 2336 2041 Byzantinis

416 2055 702 2118 sumtum3
748 2043 810 2105 in
839 2041 951 2105 hac
981 2054 1177 2106 autem
1208 2043 1403 2106 minus
1436 2042 1634 2111 nihilo.

550 2319 598 2380 8)
642 2316 802 2384 Epist.
852 2317 934 2367 cit.
980 2333 1024 2368 6.
1058 2317 1221 2368 XXIV.
1264 2317 1492 2379 „Sensus
1537 2325 1699 2369 autem
1745 2318 1796 2369 in
1841 2317 1918 2368 his
1961 2313 2189 2366 omnibus
2226 2311 2336 2364 talis

415 2412 545 2465 erat,
592 2410 647 2454 ut
683 2419 935 2469 nunquam
972 2402 1153 2453 Palatio
1192 2403 1314 2454 tales
1343 2403 1419 2454 vel
1450 2403 1568 2453 tanti
1609 2404 1839 2454 deessent
1868 2400 2098 2461 ministri,
2130 2407 2335 2466 propter

416 2491 504 2540 has
526 2489 789 2556 praecipue
806 2490 936 2540 inter
952 2495 1140 2540 ceteras
1158 2489 1558 2540 necessitates
1583 2490 1656 2540 vel
1680 2490 2102 2549 honestates;“
2131 2472 2176 2536 6.
2191 2484 2331 2535 XXV.
2362 2531 2364 2533 .

420 2576 635 2641 „primm
671 2581 726 2625 ut
745 2576 843 2626 sive
860 2575 1152 2641 generaliter
1167 2575 1435 2641 majoribus
1466 2575 1565 2625 sive
1596 2575 1888 2641 specialiter,
1921 2571 1995 2623 vel
2027 2570 2335 2636 singulariter

419 2661 693 2726 quibusque
740 2661 1014 2711 minoribus
1060 2660 1429 2722 recedentibuS,
1480 2661 1615 2711 omni
1661 2667 1884 2726 tempore
1931 2665 1982 2709 et
2025 2655 2336 2708 multitudine

419 2761 660 2812 congrua,
696 2747 800 2796 sine
833 2738 938 2812 qua⁴
957 2746 1305 2798 rationabiliter
1335 2753 1383 2797 et
1411 2747 1619 2797 honesta
1650 2762 1759 2796 esse
1791 2762 1892 2796 non
1921 2749 2108 2810 posset,
2142 2756 2337 2806 semper

421 2839 553 2881 esset
591 2838 815 2881 ornatum
854 2833 1086 2897 palatium
1126 2839 1174 2882 et
1213 2832 1512 2882 Consiliariis
1553 2831 1810 2897 condignis
1841 2844 2094 2895 nunquam
2126 2826 2335 2877 destitu-
2375 2880 2381 2885 ,

422 2921 563 2967 tum“
598 2922 691 2967 cet.
746 2917 866 2982 Cap.
899 2918 1107 2968 XXVIII.
1153 2918 1246 2978 „In
1285 2917 1461 2982 quibus
1500 2917 1688 2966 scilicet
1726 2913 2052 2966 denominatis
2083 2911 2335 2963 ordinibus

419 3001 604 3068 absque
634 3001 738 3062 his,
782 3002 864 3066 qui
895 3018 1091 3068 semper
1122 3003 1283 3054 eundo
1316 3009 1364 3053 et
1392 3002 1645 3052 redeundo
1676 3001 1911 3053 Palatium
1945 2997 2332 3065 frequentabant,
2379 3035 2382 3040 2

420 3094 524 3138 erat
554 3087 875 3138 delectabile“
909 3096 1003 3139 cet.
1053 3088 1235 3139 Confer
1265 3104 1378 3139 cum
1409 3087 1487 3138 his
1526 3087 1635 3148 alia,
1676 3103 1799 3153 quae
1829 3087 1913 3138 111).
1947 3086 1985 3137 Ι.
2014 3089 2056 3146 '§
2084 3081 2178 3146 10,
2210 3083 2244 3133 l.
2270 3082 2331 3133 ΙΙ.

420 3179 450 3234 §
482 3170 559 3225 38
592 3173 858 3226 attulimus.
