2384 3886
1905 198 2026 254 139

124 366 350 408 summa
394 343 745 408 auctoritate
802 342 1056 427 scriptor
1108 343 1241 404 Sec.
1306 343 1385 404 X.
1426 341 1579 428 apud
1631 338 2024 413 Muratorium

122 429 416 507 meminit,
460 432 779 492 Armorum
814 425 1273 511 hungaricorum
1307 424 1511 490 honor.

0 615 31 672 ἴς
120 614 253 663 dum.
307 614 457 663 Nobis
495 630 607 663 vero
647 620 694 662 et
725 628 780 662 ex
813 612 889 661 his
921 619 968 661 et
997 627 1109 661 vero
1143 626 1250 676 cap.
1293 612 1432 661 XXV.
1475 612 1657 661 Notarii
1693 609 1837 660 Belae
1875 608 2020 674 Regis

121 699 455 759 „habitatores
485 705 642 747 terrae
673 697 799 746 illius
829 697 1020 746 viliores
1051 697 1277 745 homines
1308 703 1476 745 essent
1505 697 1654 745 totius
1685 695 1871 755 mundi,
1910 694 2021 759 quia

117 784 207 833 alia
237 799 368 833 arma
399 798 500 832 non
522 782 774 842 haberent,
821 783 915 832 nisi
945 797 1113 832 arcum
1140 788 1188 831 et
1214 781 1470 846 sagittas‚“
1504 789 1553 830 ct
1582 780 1790 845 denique
1818 780 2021 830 historia

120 884 322 919 casuum
359 874 568 917 monast.
612 883 652 917 S.
694 867 838 928 Galli,
899 875 1068 917 contra
1098 867 1258 932 ipsum
1288 865 1675 916 laudatissimum
1714 866 2017 931 Spittlerum‚

117 960 306 1003 certum
337 953 422 1002 sit:
482 968 567 1002 eos
598 952 657 1002 ab
689 953 852 1013 omni,
907 960 961 1003 ut
990 968 1046 1003 ea
1076 959 1213 1003 erant
1247 958 1498 1016 tempora,
1556 966 1803 1001 armorum
1841 966 2019 1015 genere

118 1039 270 1088 fuisse
296 1038 647 1103 paratissimos

971 1192 1012 1268 g
1056 1195 1154 1250 32.

552 1344 651 1394 sed
695 1359 800 1409 per
843 1343 1116 1393 homines
1162 1359 1392 1409 quoque
1439 1359 1576 1394 suos

276 1505 356 1565 Et
389 1501 621 1582 Parthi,
668 1502 822 1590 quod
862 1503 1172 1582 Justinus,
1209 1510 1256 1585 1)
1289 1515 1349 1568 et
1371 1502 1676 1589 Hungari,
1726 1501 1880 1589 quod
1901 1505 2015 1566 Re-

109 1586 253 1672 gino
289 1587 497 1665 tradit,
529 1594 579 1669 2)
628 1612 838 1653 servos
876 1613 1107 1676 quoque
1147 1613 1289 1654 suos
1318 1602 1439 1653 tam
1480 1588 1778 1675 equitare,
1843 1611 2016 1674 quam

108 1671 400 1758 sagittare
427 1697 646 1760 magna
674 1674 1000 1738 docuerunt
1025 1675 1335 1754 industria,
1370 1674 1524 1761 quod
1553 1673 1875 1738 exercitum
1897 1697 2015 1737 non

107 1769 174 1820 ut
211 1757 361 1820 aliae
399 1771 615 1844 gentes
658 1759 1005 1838 liberorum,
1071 1761 1178 1825 sed
1211 1783 1488 1847 magnam
1531 1773 1761 1848 partem
1811 1783 2012 1823 servo-

105 1865 238 1905 rum
274 1842 625 1907 habuerunt.
680 1848 822 1909 Non
859 1846 1047 1932 igitur
1075 1846 1224 1910 satis
1263 1859 1425 1911 retro
1462 1858 1738 1909 auctores
1770 1843 2012 1930 respici-

64 1973 67 1977 ·
105 1940 240 2005 unt,
314 1929 414 2015 qui
454 1930 695 2017 plebeos
741 1933 942 1995 seculo
999 1931 1228 1996 demum
1271 1945 1479 2019 quarto
1512 1931 1734 1995 decimo
1780 1929 2012 2016 accingi

100 2011 253 2100 apud
273 2017 602 2101 Hungaros
632 2016 811 2079 armis
843 2017 1112 2105 coepisse
1143 2017 1400 2082 tradunt.
1441 2020 1578 2081 Nec
1609 2015 1792 2080 verba
1812 2039 2010 2093 recor-

58 2148 62 2153 -
100 2097 315 2162 dantur
351 2101 602 2164 Antonii
648 2103 925 2167 Verantii
968 2102 1278 2191 purpurati
1319 2103 1473 2191 apud
1529 2126 1640 2166 nos
1681 2100 2010 2188 Scriptoris

100 2206 217 2246 sec.
252 2187 427 2249 XVI.
473 2188 807 2274 sequentia:
860 2189 1243 2277 „plebeorum
1274 2202 1623 2253 nostrorum
1651 2187 1842 2250 virtus
1855 2235 1870 2264 ,
1910 2209 2008 2249 ve-

96 2281 226 2334 tere
240 2273 367 2357 jam
406 2275 702 2359 Majorum
736 2287 1079 2339 nostrorum
1102 2275 1472 2362 indulgentia
1507 2286 1683 2360 atque
1711 2296 1844 2350 usu,
1889 2295 2008 2335 non

99 2355 253 2419 solet
288 2380 426 2422 esse
460 2358 807 2422 invidiosa.“
847 2367 898 2441 3)
964 2363 1168 2448 Atque
1207 2361 1279 2424 ab
1328 2360 1421 2423 his
1470 2383 1583 2445 ego
1628 2362 1909 2445 majorem
1944 2357 2006 2419 in

97 2438 328 2504 modum
362 2456 530 2530 pet0,
589 2444 701 2508 dici
725 2445 840 2508 sibi
879 2470 985 2534 per
1021 2471 1142 2526 me,
1187 2448 1315 2511 sine
1357 2445 1733 2532 arrogantia,
1803 2442 2004 2506 existi-

98 2539 281 2589 ment:
326 2526 439 2592 hoc
469 2529 666 2616 potius
699 2531 760 2593 in
790 2530 1076 2596 Historiis
1109 2532 1647 2597 vetustissimorum
1682 2533 2003 2613 Hungaro-

95 2634 225 2673 rum
283 2635 421 2677 esse
465 2615 800 2701 singulare,
855 2629 916 2680 et
951 2617 1023 2680 ad
1058 2618 1353 2695 eximiam,
1411 2640 1583 2703 quam
1637 2613 2001 2679 Thucidides

94 2697 428 2782 Majoribus
465 2699 674 2763 horum
712 2713 848 2765 ante
897 2703 1044 2765 alias
1080 2703 1351 2767 nationes
1391 2700 1625 2779 tribuit,
1655 2699 2001 2788 prudentiae

94 2782 325 2847 laudem
352 2799 778 2873 comparatum,
826 2788 980 2874 quod
1009 2812 1229 2853 morem
1252 2789 1416 2851 illum
1449 2811 1623 2850 suum
1654 2797 2024 2850 constanter·

94 2867 473 2957 retinuerint,
547 2895 657 2935 nec
709 2874 1060 2938 retinuerint
1098 2888 1353 2952 tantum,
1421 2874 1554 2951 sed,
1622 2873 1841 2935 nullius
1893 2894 2001 2958 per

95 2955 391 3049 §Europam
426 2957 624 3042 gentis
667 2959 912 3022 alterius
952 2961 1252 3048 exemplo,
1315 2959 1557 3047 auspice
1600 2960 1651 3022 d.
1691 2956 1997 3045 Stephano

94 3061 153 3098 1n
187 3041 472 3123 Systema
503 3043 846 3130 redegerint
875 3045 1083 3124 fixum,
1140 3070 1213 3110 ex
1247 3069 1360 3134 quo
1398 3058 1459 3109 et
1489 3046 1880 3120 CastrenseS,
1937 3053 1998 3104 et

231 3224 273 3283 ¹)
318 3222 450 3273 Libri
479 3225 600 3276 XLI.
635 3244 679 3278 c.
716 3227 770 3279 2.
806 3227 861 3281 3.

227 3310 274 3369 2)
319 3307 451 3358 Inter
478 3309 619 3360 Joan.
652 3312 1042 3382 Pistor.'Script.
1076 3334 1171 3370 rer.
1207 3319 1370 3370 Germ.
1405 3320 1457 3367 V.
1492 3318 1528 3368 I.
1562 3333 1611 3382 p.
1649 3313 1746 3365 90.

226 3394 271 3453 3)
317 3393 593 3462 Kovachich
634 3397 813 3463 Script.
853 3401 972 3450 min.
1011 3418 1109 3454 rer.
1149 3405 1301 3470 hung.
1336 3412 1371 3454 t.
1412 3403 1472 3452 ll.
1506 3419 1555 3467 p.
1595 3398 1731 3450 155.
1763 3400 1906 3466 plane
1936 3415 1994 3450 ex

96 3492 230 3526 more
262 3478 481 3529 Romano
514 3481 614 3530 Liv.
649 3482 681 3531 l.
716 3483 790 3533 IV.
828 3480 882 3534 3.
919 3486 1075 3546 „dum
1104 3490 1291 3539 nullum
1323 3488 1563 3539 fastiditur
1592 3502 1773 3552 genus,
1814 3486 1865 3538 in
1895 3502 1991 3552 quo

27 3607 29 3610 ,
95 3562 296 3613 eniteret
327 3565 492 3626 virtus,
543 3568 689 3618 crevit
720 3569 974 3635 imperium
1008 3571 1340 3624 Romanun1.“
