2384 3886
425 181 544 238 144

480 409 540 465 ’7.
590 405 736 467 Lem
781 404 857 463 de
897 407 1223 484 perpetuis
1272 407 1359 467 ad
1389 410 1549 489 fines
1596 398 1876 466 eoecubiis
1919 410 2265 470 servandis,
2337 400 2353 421 ³

1284 594 1326 668 g
1371 595 1471 653 37.

776 759 980 810 itidem
1025 758 1354 809 domestica
1399 759 1813 823 Hungarorum
1858 767 1966 810 est.

587 926 731 987 Non
765 924 825 984 in
853 925 976 987 Zer
1008 921 1260 999 condita,
1301 920 1407 984 sed
1437 919 1634 983 adlata
1666 943 1883 983 secum.
1917 922 2033 998 Qui
2056 922 2128 986 ad
2152 945 2332 1010 agen-

419 1010 526 1074 das
569 1022 888 1097 perpetuas
934 1007 1213 1071 excubias
1262 1005 1371 1067 has
1419 1005 1479 1067 in
1529 1005 1747 1067 finibus
1790 1004 2115 1092 degebant,
2161 1009 2332 1073 nohis

417 1096 643 1159 Eorii
685 1093 1023 1175 (custodes)
1078 1091 1277 1155 latinis
1329 1092 1840 1178 Speculatores
1884 1091 2050 1171 dicti,
2095 1108 2334 1181 praeter

420 1204 621 1243 curam
662 1180 866 1242 finium
910 1178 1095 1241 vicem
1148 1175 1321 1238 simul
1363 1200 1676 1239 cursorum
1713 1177 2082 1264 publicorum
2124 1179 2223 1242 fun
2276 1206 2333 1245 e-

418 1266 653 1342 bantur‚
691 1264 803 1326 sub
837 1262 1120 1351 auspiciis
1159 1261 1453 1326 Comitum
1488 1262 1722 1340 finium,
1770 1275 1828 1326 et
1866 1264 2111 1328 alterius
2140 1266 2214 1329 ab
2280 1266 2332 1330 is

416 1350 846 1437 MagistratuS,
894 1349 987 1411 cui
1026 1348 1087 1411 in
1117 1348 1435 1412 vernaculo
1467 1351 1786 1434 Eor-nagy
1816 1372 2044 1412 nomen.
2085 1356 2133 1432 1)

555 1539 600 1599 ¹)
644 1535 751 1586 Kat.
785 1536 846 1586 H.
876 1535 932 1586 C.
962 1536 1020 1586 T.
1047 1535 1147 1586 Vll.
1185 1551 1235 1601 p.
1273 1531 1411 1584 591.
1461 1534 1874 1600 „Speculatorum
1908 1543 2192 1587 nostrorum
2231 1537 2334 1588 Eur

418 1622 678 1687 vulgariter
720 1621 1027 1684 dictorum;‘⁴
1076 1621 1135 1670 (le
1170 1620 1402 1685 Eurnagy‘
1446 1620 1501 1670 C.
1541 1620 1598 1670 D.
1641 1619 1763 1670 VIII.
1796 1636 1840 1670 ν.
1879 1614 1936 1671 4.
1974 1637 2024 1687 p.
2057 1617 2196 1673 375.
2235 1630 2328 1673 cet.

420 1707 536 1757 item
577 1707 790 1773 Szirmay
825 1707 874 1757 in
910 1714 1013 1757 not.
1054 1706 1232 1757 Comit.
1273 1704 1664 1771 Zempliniensis.

422 1957 490 2016 8.
535 1955 687 2016 Alia
733 1975 979 2037 quoque
1025 1956 1102 2017 de
1139 1956 1394 2035 populis
1441 1955 1656 2014 amicis
1698 1955 1763 2015 in
1805 1953 2127 2017 Civitatem
2167 1957 2328 2018 laun-

480 2058 770 2137 yaricam
801 2058 1036 2135 eadem,
1075 2075 1200 2138 qua
1227 2061 1414 2116 antea
1441 2057 1504 2115 in
1532 2055 1891 2116 societatem
1922 2074 2267 2135 armorum,

986 2158 1339 2219 conditione
1375 2156 1767 2236 recipiendis.

1282 2339 1324 2416 g
1367 2340 1466 2398 aa.

571 2502 633 2546 ut
669 2495 980 2560 praegredi
1011 2493 1429 2558 Huugarorum
1461 2490 1787 2541 exercitum
1825 2498 2167 2541 teneantur.

587 2647 832 2730 Magna,
856 2642 916 2705 in
935 2643 1034 2706 illo
1050 2639 1121 2705 ad
1134 2644 1255 2705 Zer
1270 2638 1723 2705 Communitatis
1738 2637 2048 2726 colloquio,
2072 2638 2324 2702 omnium

418 2730 719 2793 voluntate
751 2729 812 2792 in
839 2753 966 2792 eam
998 2752 1228 2815 quoque
1260 2728 1407 2790 itum
1434 2727 1628 2812 legem
1662 2737 1756 2788 est
1779 2749 1853 2788 ex
1875 2728 2171 2810 Majorum
2190 2747 2322 2788 con-

419 2814 598 2878 ditam
633 2839 824 2892 more,
869 2826 936 2876 ut
975 2838 1090 2899 qua
1133 2811 1709 2876 novissime-Gabari
1746 2812 1806 2872 in
1846 2810 2188 2874 societatem
2233 2833 2321 2872 ar·
2353 2829 2354 2832 ’

418 2923 644 2964 morum
667 2899 1127 2985 hungaricorum
1151 2898 1372 2985 recepti
1402 2896 1732 2960 conditione
1760 2907 1918 2972 sunt,
1955 2894 2156 2959 eadem
2180 2917 2322 2981 gen-

404 2985 511 3051 tes
543 3009 745 3049 omnes
782 2995 1153 3060 tenerentur,
1197 3007 1344 3069 quae
1377 2982 1652 3069 deinceps
1686 2979 1939 3044 civitatis
1962 2980 2322 3067 hungaricae

416 3072 530 3135 frui
545 3071 784 3158 juribus
812 3071 1047 3133 vellent.
1094 3069 1264 3146 Quod
1294 3067 1614 3131 universim
1636 3067 1719 3130 ita
1749 3067 2159 3143 constitutum,
2190 3089 2321 3153 spe-

418 3158 645 3221 cialiter
694 3156 767 3221 ad
816 3155 1106 3219 Bissenos
1146 3167 1205 3217 et
1249 3154 1486 3217 Siculos
1516 3153 1577 3215 in
1612 3151 2054 3238 Transylvania
2092 3150 2321 3240 specta-

416 3245 546 3322 bat,
594 3267 743 3331 quos
779 3240 1156 3306 Thuroczius
1194 3263 1380 3303 more
1426 3239 1638 3302 solito
1679 3243 2099 3325 Hungarorum
2131 3235 2319 3325 praei-

415 3329 575 3393 visse
615 3328 851 3416 agmina
904 3326 1121 3391 Chron.
1165 3325 1257 3388 sui
1288 3325 1490 3389 Partis
1526 3329 1603 3388 ΙΙ.
1651 3348 1699 3387 c.
1735 3332 1834 3388 65.
1878 3323 2171 3387 Notarius
2207 3325 2318 3387 Be·

416 3415 506 3477 lae
531 3419 599 3479 R.
632 3439 678 3477 c.
701 3422 809 3493 50,
843 3421 941 3477 51.
965 3424 1279 3477 testantur.
1325 3414 1528 3499 Atque
1559 3410 1705 3475 haec
1738 3410 1839 3473 illa
1867 3421 1960 3473 est
1987 3408 2317 3474 Siculorum

418 3498 474 3559 iu
510 3499 950 3585 Transylvania
982 3497 1269 3575 conditio,
1317 3521 1430 3585 qua
1465 3510 1759 3584 tamquam
1801 3499 2148 3559 Hunnorum
2184 3492 2315 3558 Ati·
2360 3494 2363 3502 '
