2384 3886
1925 252 2006 306 35

77 386 313 475 quidam
364 386 718 450 assandus
764 383 1062 459 innuitur,
1109 384 1183 446 ad
1211 386 1452 473 literam
1476 386 1817 472 accipiendo
1853 386 2008 449 hanc

76 471 386 535 saevitiem
444 472 504 534 in
566 468 830 533 moribus
883 470 1184 554 Majorum
1226 483 1572 533 nostrorum
1617 470 1869 534 maxime
1915 495 2007 534 re-

75 555 551 644 prehendendam
586 563 881 618 statueret
922 557 994 631 4).

209 773 258 831 4)
303 771 424 820 Rem
465 768 621 832 ipsam
659 767 918 831 legemque
959 766 1019 814 de
1061 767 1498 818 calumniatoribus
1538 784 1810 837 eorumque
1849 789 2009 839 poena

76 871 134 904 ex
171 854 274 904 aliis
311 852 455 901 Belae
493 851 570 900 lv.
616 851 764 916 Regis
801 851 977 900 litteris
1017 851 1287 916 intelligas,
1338 854 1612 903 secundum
1654 871 1776 920 quas
1805 859 2008 909 Actores

77 937 440 1000 „exhibuerunt
485 935 792 1001 privilegium
857 935 1056 986 Domini
1097 936 1245 1001 Regis
1265 974 1277 996 ,
1335 938 1468 1002 quod
1510 934 1873 991 evidentissime
1919 944 2010 992 de—

72 1020 405 1081 monstrabat,
453 1021 618 1085 ipsum
656 1020 845 1070 Ponich
890 1035 1078 1085 super
1114 1027 1257 1070 nota
1301 1037 1403 1072 seu
1444 1022 1594 1072 vitio
1626 1024 2010 1090 multiplica—

71 1106 256 1156 tionis
288 1104 622 1155 calumniae
652 1120 762 1170 per
792 1105 1222 1154 definitionem
1265 1106 1503 1156 Domini
1541 1107 1743 1173 Regis,
1793 1117 1855 1160 et
1896 1111 2012 1160 Ba—

71 1205 279 1240 ronum
311 1205 584 1249 suorum,
627 1190 709 1253 qui
740 1195 859 1238 tunc
890 1195 1180 1253 praesentes
1209 1191 1437 1252 aderant,
1473 1194 1766 1243 sententiam
1799 1195 2012 1245 finaliter

72 1282 120 1324 et
150 1275 351 1324 omnino
383 1274 635 1323 convictos
668 1274 942 1335 exstitisse;
975 1289 1066 1338 per
1095 1274 1200 1323 fora
1230 1275 1380 1338 igitur
1405 1282 1454 1326 et
1473 1276 1690 1327 civitates
1711 1280 2010 1342 proclamari

72 1358 385 1424 praecipitur,
429 1365 484 1407 ut
513 1357 795 1422 ubicunque
826 1358 954 1407 idem
987 1358 1190 1407 inveniri
1223 1366 1414 1422 posset,
1448 1361 1510 1409 ad
1539 1363 1874 1425 praesentiam
1904 1365 2012 1414 Do—

19 1504 29 1510 ,
71 1443 189 1493 mini
219 1443 365 1507 Regis
396 1446 693 1492 vocaretur“
727 1458 838 1506 pro
870 1442 1289 1507 imprimendo
1322 1443 1436 1493 sibi
1468 1445 1864 1509 charactere,
1908 1450 2009 1514 qui

66 1527 242 1593 juxta
284 1527 677 1592 approbatam
717 1527 894 1592 regni
935 1528 1474 1590 consuetudinem,
1522 1530 1870 1582 manifestis
1903 1548 2017 1583 ca—

70 1611 504 1662 lumniantibus
551 1612 750 1676 infligi
798 1619 855 1661 et
901 1611 1165 1676 imprimi
1214 1615 1550 1664 consuevit.
1618 1615 1735 1664 Vide
1779 1616 1902 1666 Cod.
1952 1617 2010 1666 D.

70 1696 128 1746 T.
162 1697 238 1747 IV.
272 1713 316 1747 v,
354 1693 409 1746 3.
442 1712 492 1760 p.
530 1692 669 1746 386.
703 1696 803 1745 VII.
846 1696 943 1745 vol.
983 1693 1036 1746 5.
1072 1712 1123 1760 p.
1161 1692 1302 1747 351.

954 1960 997 2035 ς
1042 1963 1140 2018 33.

830 2187 833 2189 Β
900 2135 1177 2189 superet,

241 2287 543 2350 Martinus
558 2288 865 2374 Georgius
891 2287 1344 2351 Kovachichius
1374 2289 1831 2374 paulovulterius
1876 2315 2014 2377 pro—

120 2395 331 2435 ressus
386 2379 468 2451 1),
517 2395 707 2459 eoque
756 2372 905 2436 duce
928 2373 1254 2436 Fesslerus
1289 2373 1733 2437 confectoribus
1779 2398 2017 2462 quoque

71 2395 354 2519 falsarum
381 2457 710 2535 literarum,
751 2470 811 2521 et
838 2457 939 2543 qui
974 2458 1098 2543 legi
1155 2458 1227 2521 de
1277 2471 1517 2521 moneta
1561 2482 1671 2545 per
1717 2461 2017 2523 neminem

74 2541 284 2617 alium,
338 2564 510 2626 quam
547 2566 755 2628 regem
793 2542 1066 2605 feriunda
1115 2542 1389 2629 injuriam
1445 2544 1746 2621 facerent,
1798 2568 2018 2629 rogum

74 2637 442 2688 struxerunt.
502 2626 615 2688 Cui
662 2625 895 2712 quidem
945 2626 1161 2690 horum
1214 2626 1410 2690 funeri
1448 2627 1579 2714 ipse
1641 2629 1788 2691 adeo
1841 2632 2015 2714 Feje-

74 2709 203 2772 rius
259 2732 460 2786 meuS,
531 2708 644 2773 dici
695 2710 850 2774 enim
898 2710 959 2773 id
1002 2710 1150 2787 sibi,
1208 2734 1325 2796 qua
1367 2724 1462 2774 est
1510 2711 1878 2776 humanitate
1951 2736 2017 2776 er

76 2795 328 2856 amicum
364 2795 645 2882 patietur,
693 2817 934 2882 operam
967 2793 1142 2858 dedit.
1190 2798 1392 2859 Tanta
1428 2796 1749 2859 etiamnum
1786 2797 1858 2860 de
1917 2821 2015 2859 ru-

76 2878 268 2964 gifero
316 2878 746 2965 fructuosoque
777 2880 1162 2978 diplomatum
1226 2903 1342 2943 usu
1406 2880 1857 2968 praecipienda,
1906 2905 2015 2944 seu

0 3040 2 3042 v
77 2974 145 3024 ut
178 2962 239 3023 in
266 2986 334 3026 re
372 2977 719 3051 praesente,
773 2964 1001 3052 pridem
1042 2989 1152 3052 per
1187 2964 1337 3028 alios
1373 2965 1790 3029 animadversa
1824 2967 2014 3030 recol—

0 3096 2 3107 .
78 3046 322 3132 ligenda
358 3062 510 3112 sunt.
559 3049 683 3111 Diu
729 3073 984 3136 namque
1019 3063 1132 3126 est,
1182 3073 1314 3112 cum
1347 3050 1776 3114 celeberrimus
1820 3055 2013 3114 Tran—

0 3134 4 3151 ''
79 3132 468 3216 sylvanorum
501 3135 758 3197 Praesul
793 3134 867 3197 ad
916 3157 1040 3221 cap.
1083 3142 1184 3198 51.
1221 3134 1320 3197 lib.
1358 3142 1413 3196 1.
1472 3138 1870 3199 Decretorum
1900 3136 2015 3197 Co-

3 3250 5 3253 <
78 3216 337 3280 lomanni
400 3216 472 3279 de
535 3218 666 3281 sure
748 3232 922 3307 capto
977 3219 1108 3283 sine
1170 3220 1760 3283 concrematione
1820 3218 2015 3304 ignis

80 3301 383 3364 tenendo
416 3302 665 3380 notavit,
697 3303 766 3365 de
796 3304 1097 3368 inustione
1143 3304 1450 3390 stigmatis
1479 3304 1539 3365 in
1578 3327 1648 3367 eo
1679 3325 2014 3368 sermonem

218 3517 262 3575 ¹)
308 3515 363 3565 In
396 3517 697 3581 praefatione
729 3517 788 3568 ad
820 3517 1055 3568 formulas
1087 3517 1319 3568 solennes
1351 3516 1479 3581 styli,
1523 3514 1792 3648 pagixVIll.
