2384 3886
1946 192 2069 249 103

138 330 415 418 privatim
437 328 836 415 Pongracziis
867 327 1042 388 fidem
1077 326 1431 404 obstrinxit,
1477 334 1527 407 3)
1564 350 1681 390 non
1717 327 1920 389 seculo
1947 326 2067 403 isso,

138 426 203 478 ut
229 417 454 478 Petrus
490 413 564 477 de
584 415 753 477 Reva
782 409 1128 472 autumabat
1156 417 1210 487 4)
1243 411 1304 472 in
1336 410 1494 473 hunc
1523 411 1761 475 intensa
1783 411 2068 495 rigorem,

111 514 115 519 “
139 497 248 561 sed
271 520 411 561 mox
432 509 612 583 atque
625 497 894 579 Majores
914 493 1110 555 nostri
1134 493 1379 556 Christo
1401 518 1614 558 nomen
1634 493 1960 572 dedissent,
1996 494 2070 557 ad

138 582 362 645 avitum
407 579 951 646 Hunno-Avarum
998 598 1222 639 morem
1244 624 1260 653 ‚
1336 579 1498 661 stylo
1551 601 1864 642 sacrorum
1909 578 2068 642 codi-

138 687 271 728 cum
316 663 570 728 redacta.
630 664 724 724 Ex
760 659 856 723 his
897 659 1038 745 quid
1071 660 1216 722 illud
1250 660 1332 723 sit
1372 661 1433 722 in
1474 661 1668 725 literis
1706 662 2067 725 Pontificum

136 749 568 812 Maximorum:
644 765 808 807 more
856 742 1190 828 hungarico
1234 747 1477 829 jurare,
1510 751 1562 823 ⁵)
1622 746 1772 808 satis
1839 747 2067 833 opinor,

135 830 505 916 intelligitur.

266 1020 292 1056 3
360 1018 497 1069 Ibide
555 1057 567 1070 .

265 1021 316 1164 ⁴3
361 1035 550 1154 Ibidess
596 1104 655 1154 ad
693 1119 738 1154 a.
779 1099 960 1154 1400.
1014 1104 1357 1155 Juramentum
1398 1104 1555 1154 simile
1595 1118 1684 1170 per
1722 1105 1916 1154 viduam
1956 1104 2061 1169 ejus

134 1185 464 1237 Elisabetham
496 1187 778 1253 Szilagyiam
810 1194 860 1238 et
888 1188 1090 1239 fratrem
1120 1188 1408 1239 Michaelem
1440 1193 1782 1253 nuncupatum
1802 1189 1910 1239 vide
1933 1189 2062 1254 apud

39 1270 51 1274 ”
133 1270 476 1336 Szvorenyium
507 1288 556 1322 o.
591 1287 636 1322 c.
669 1273 790 1322 fasc.
826 1271 887 1330 IL
927 1288 978 1337 p.
1015 1268 1114 1323 85.

266 1356 314 1416 ὅ)
358 1355 476 1405 Vide
520 1354 592 1405 lit.
636 1355 792 1406 Nicol.
836 1354 1016 1405 Pontis.
1061 1356 1121 1404 de
1159 1356 1242 1406 IX.
1288 1355 1407 1405 Dec.
1458 1353 1617 1405 1279
1659 1356 1719 1405 ad
1760 1354 1942 1406 Ladisl.
1983 1357 2059 1406 IV.

135 1437 469 1504 „Ungarico
500 1454 663 1489 more
686 1439 904 1505 jurasti“
927 1445 976 1489 et
995 1454 1170 1490 rursus
1200 1439 1418 1500 „iterum
1441 1454 1555 1489 cum
1580 1439 1875 1504 obligatione
1896 1440 2060 1500 simili,

127 1537 227 1587 ⁴per
253 1537 456 1576 manum
487 1523 736 1574 dexteram
763 1523 915 1588 Regia
946 1523 1041 1573 fide
1072 1523 1208 1585 data,
1249 1523 1550 1587 Ungarico
1581 1538 1743 1573 more
1776 1524 2062 1574 similiter

133 1612 191 1656 et
236 1606 432 1657 denuo
479 1613 539 1657 te
587 1607 1143 1668 excomunicatum,
1195 1614 1252 1657 et
1298 1622 1550 1671 regnum
1589 1616 1753 1657 tuum
1801 1615 2061 1672 propter

132 1689 244 1740 hoc
285 1690 453 1756 justo
492 1691 832 1742 interdicto
873 1691 1065 1741 fuisse
1107 1691 1540 1756 interpositum
1572 1692 1719 1754 (haec
1750 1706 1928 1756 nempe
1959 1692 2061 1741 Rex

131 1773 258 1824 mala
287 1774 588 1840 imprecatus
626 1781 704 1825 est
732 1774 849 1836 sibi)
880 1778 1312 1840 recognoscens.“
1348 1774 1530 1825 Confer
1560 1790 1674 1825 cum
1706 1775 1783 1825 his
1800 1775 2063 1840 juramen-

58 1856 61 1857 ’
131 1863 264 1918 tum,
308 1858 439 1923 quod
472 1858 534 1909 ad
564 1859 749 1910 calcem
781 1859 1018 1924 Corporis
1061 1859 1194 1909 Juris
1224 1859 1275 1909 in
1305 1859 1469 1909 metali
1498 1858 1886 1909 reambulatione
1915 1875 2061 1924 prae-

130 1940 360 1992 standum
390 1941 693 2004 inscribitur,
726 1948 873 2010 atque
902 1943 969 1992 ita
997 1942 1171 1993 habet:
1208 1942 1312 2004 „Et
1338 1943 1378 1992 si
1391 1938 1731 2013 juramentum
1749 1944 1846 1993 hoc
1868 1958 1960 2008 per
1982 1959 2062 1993 me

129 2024 306 2075 falsum
347 2032 397 2076 et
435 2025 605 2077 dolose
646 2033 780 2077 esset
817 2026 1124 2092 depositum,
1171 2025 1295 2076 haec
1339 2034 1469 2077 terra
1508 2042 1588 2076 me
1626 2027 1916 2088 absorbeat,
1968 2042 2060 2077 nec

128 2108 249 2159 mihi
287 2118 371 2159 aut
406 2109 701 2161 haeredibus
732 2126 790 2162 ac
822 2110 1198 2162 successoribus
1228 2111 1353 2160 meis
1385 2117 1434 2162 et
1463 2111 1638 2160 incolis
1669 2110 1819 2176 hujus
1850 2126 2060 2176 posses-

130 2192 284 2243 sionis
320 2209 460 2244 meae
497 2209 550 2245 n.
589 2194 722 2246 utilis
753 2201 803 2245 et
830 2195 1084 2245 fructuosa
1113 2195 1219 2245 fieri
1249 2195 1440 2260 possit,
1490 2195 1578 2245 sed
1608 2211 1700 2260 pro
1732 2195 1973 2245 fructibus
2012 2202 2061 2245 et

130 2276 448 2341 utilitatibus,
493 2279 692 2344 spinaS,
733 2278 942 2329 tribulos
982 2279 1286 2345 germinet.“
1333 2280 1405 2329 Ita
1436 2294 1515 2328 me
1546 2286 1642 2329 cet.
1676 2279 1820 2344 Fugit
1848 2279 1946 2328 hoc
1977 2295 2062 2328 sa—

130 2361 377 2426 gacissimi
407 2362 581 2414 oculos
613 2362 945 2415 Schwartneri
974 2363 1160 2424 nostri,
1193 2363 1364 2428 sicque
1407 2378 1523 2429 pag.
1555 2360 1679 2414 278
1719 2363 1906 2414 Introd.
1941 2379 2059 2413 suae

130 2444 181 2495 in
209 2460 314 2495 rem
347 2446 466 2513 dipl.
502 2447 796 2499 sententiam
827 2446 1030 2513 promit,
1064 2447 1144 2499 cui
1175 2448 1269 2499 etsi
1300 2447 1510 2498 maxime
1541 2447 1710 2507 velim,
1751 2447 2063 2498 subscribere

129 2542 389 2594 nequeam.

1000 2708 1044 2783 ς
1087 2710 1187 2807 cio.

223 2869 454 2921 Laudes
495 2870 961 2923 Varchunorum
1005 2872 1158 2938 apud
1199 2873 1546 2940 scriptores
1586 2872 1968 2937 Byzantinos.

298 3030 395 3091 De
442 3032 710 3095 moribus
766 3031 1233 3096 Varchunorum
1279 3034 1640 3120 scriptoreS,
1696 3035 1784 3096 uti
1846 3033 1905 3094 in
1953 3032 2064 3095 hos

132 3122 235 3174 aut
268 3111 549 3177 Slavinos
589 3116 1009 3203 propensiore,
1056 3117 1152 3180 vel
1187 3117 1408 3195 dicam,
1454 3117 1651 3180 minus
1682 3117 1901 3179 infesto
1938 3116 2062 3179 sue-

130 3208 268 3258 rant
297 3195 519 3274 animo,
562 3199 728 3262 varie
755 3200 1016 3264 tradunt.
1073 3204 1243 3265 Inter
1271 3204 1545 3266 Graecos
1578 3200 1879 3265 convenit:
1925 3199 2060 3277 fide,

131 3279 550 3367 probitateque
597 3303 827 3345 morum
881 3284 1248 3348 Varchunos
1308 3286 1574 3350 Slavinis
1640 3284 1830 3346 fuisse
1889 3307 2059 3370 prae—

132 3363 491 3442 stantiores,
535 3364 780 3451 ingenio
807 3388 950 3431 vero
990 3369 1278 3453 gentibus
1313 3367 1607 3454 scythicis
1638 3367 2059 3431 antecelluisse

133 3447 421 3512 omnibus.
466 3451 634 3513 Inter
667 3448 994 3535 Chaganos
1025 3451 1236 3516 horum
1273 3456 1509 3518 Cursus
1549 3453 1836 3534 (Cso‘rsz)
1874 3453 2056 3517 rebus
