2384 3886
1987 232 2068 287 45

135 368 417 431 habuisse
445 367 843 453 singularem,
886 373 980 439 ut,
1022 383 1172 460 quae
1212 378 1527 451 cuperent,
1571 365 1738 452 ipsae
1775 390 2068 454 propone-

134 465 268 515 rent
283 452 574 538 Regibus,
600 464 659 514 et
686 450 759 512 ab
782 449 992 510 horum
1015 448 1373 512 liberalitate
1397 450 1512 512 sibi
1537 450 1752 514 donata
1774 454 2070 516 referrent

134 538 358 622 passim
390 536 611 608 omnia3
647 535 800 595 hanc
835 531 1002 607 adeO,
1050 532 1103 592 si
1141 555 1290 616 quae
1333 557 1367 594 a
1404 536 1703 598 sententia
1737 537 2070 621 Magistra-

134 634 234 684 tus
273 621 478 684 liberis
518 618 746 681 Civium
803 638 1046 678 suorum
1112 616 1400 701 sufragiis
1441 618 1673 697 delecti,
1721 620 1794 683 ad
1828 634 2071 683 exterae

134 706 302 767 urbis
337 706 586 785 alicujus
620 701 947 776 PrimoreS,
982 723 1153 783 quam
1201 700 1714 765 Thavernicorum
1753 705 2068 790 Regalium

132 789 515 874 Magistrum,
563 798 664 848 aut
707 784 1123 848 Praesentiam
1151 785 1408 869 Regiam
1441 809 1766 871 provocare
1804 790 2068 866 mallent,

134 870 691 946 extraordinariam,
764 892 874 932 nec
922 881 1046 931 tam
1083 869 1396 931 molestam
1439 870 1584 946 sibi,
1636 895 1808 957 quam
1861 896 2067 959 supre—

132 979 260 1018 mae
292 978 400 1040 per
450 978 705 1040 regnum
741 953 1090 1040 judiciariae
1135 954 1424 1038 potestati
1469 953 1780 1017 adversam
1822 957 2068 1020 faculta—

132 1054 267 1103 tem.
334 1040 640 1124 Planeque
690 1039 774 1101 ita
832 1062 934 1100 res
981 1037 1189 1114 habet,
1238 1038 1308 1100 de
1359 1062 1473 1123 qua
1517 1039 1783 1102 inferius.
1864 1042 2070 1104 Codex

131 1124 227 1187 hic
261 1136 321 1187 et
367 1137 564 1186 aetate
603 1136 662 1185 et
707 1124 983 1185 ubertate
1030 1124 1410 1185 materiarum
1452 1123 1654 1186 Codici
1695 1126 1867 1188 Juris
1906 1124 2069 1187 Tha—

130 1209 482 1285 vernicalis,
561 1210 730 1292 cujus
768 1206 1002 1270 articuli
1045 1229 1155 1292 per
1212 1211 1511 1270 Joannem
1562 1209 1738 1271 Thuz
1798 1210 1870 1273 de
1906 1210 2065 1286 Lak,

126 1293 492 1377 Magistrum
527 1291 1042 1355 Thavernicorum
1085 1293 1402 1376 Regalium
1453 1293 1827 1378 Sigismundi
1875 1295 2068 1380 Regis

129 1378 358 1440 collecti
397 1378 698 1453 feruntur,
771 1389 831 1439 et
867 1376 940 1438 ad
978 1375 1168 1436 solum
1214 1377 1512 1438 forensem
1554 1402 1728 1438 usum
1769 1392 2066 1464 spectant,

126 1462 372 1524 multum
404 1460 720 1539 antecedit,
769 1460 877 1524 sed
912 1459 1072 1522 illius
1105 1484 1312 1523 norma
1339 1461 1508 1545 viget
1533 1460 1845 1547 hodieque,
1891 1464 2068 1526 hu‘us

126 1547 353 1608 fructus
407 1547 589 1632 longe
653 1544 1057 1632 amplissimus
1110 1545 1185 1607 ad
1237 1545 1570 1608 Historiam
1615 1548 1790 1609 Juris
1846 1488 2067 1634 pubiici

125 1643 398 1715 pertinet.

1052 1849 1129 1906 11.

771 2027 843 2073 de
875 2026 1417 2076 sontibusexteris

839 2179 902 2252 a)
949 2172 1340 2236 historicis.

669 2345 722 2403 1.
769 2343 871 2405 De
916 2346 1155 2406 Prisco
1201 2346 1507 2407 Rhetore.

998 2516 1040 2591 ς
1087 2520 1185 2575 43.

507 2666 609 2730 qui
640 2665 992 2716 Hunnorum
1025 2667 1258 2716 rectius
1291 2667 1668 2726 Chunorum,

223 2868 226 2870 i
290 2814 420 2888 Quo
451 2811 609 2874 inter
639 2811 997 2874 domesticos
1022 2813 1319 2874 Notarius
1353 2813 1538 2875 Belae
1572 2815 1783 2898 Regis,
1819 2838 1887 2878 eo
1921 2814 2061 2877 mihi

119 2893 277 2957 inter
317 2909 558 2959 exteros
596 2897 723 2958 loco
771 2896 1022 2957 Priscus
1064 2896 1293 2959 Rhetor
1338 2909 1459 2974 est,
1506 2898 1696 2983 princi
1743 2923 1774 2961 e
1811 2899 2059 2977 scilicet,

119 2979 556 3067 Ammianoque
608 2981 961 3043 Marcellino
1018 2993 1077 3043 et
1131 2980 1446 3067 Agathia,
1516 2995 1575 3045 et
1627 2922 2060 3069 Tlieophilacto

121 3062 451 3127 Simocatta
494 3078 554 3128 et
603 3065 735 3127 aliis
783 3065 986 3149 gentis
1033 3089 1177 3129 suae
1223 3066 1546 3128 luminibus
1595 3068 1919 3152 superiore.
1966 3070 2061 3129 De

119 3148 317 3210 Attila
359 3147 483 3224 hic,
528 3153 1000 3234 Hunnorumque
1033 3151 1243 3213 scribit
1284 3151 1578 3213 moribus:
1630 3152 1867 3213 memini
1901 3152 2063 3237 equi-

121 3230 269 3294 dem.
347 3235 611 3309 Horum,
683 3238 1229 3321 Hungarorumque
1285 3234 1599 3297 historiam
1665 3236 2063 3321 conjungendi

122 3315 605 3379 consvetudinem
638 3317 737 3378 diu
773 3329 902 3394 est,
962 3319 1116 3403 quod
1167 3320 1496 3404 scriptores
1551 3342 1780 3403 quoque
1838 3321 2062 3405 probae

122 3413 294 3462 notae
359 3401 761 3486 abruperunt3
821 3423 937 3462 non
979 3405 1216 3477 nesci03
1286 3403 1430 3465 nihil
1469 3416 1666 3465 tamen
1704 3416 1882 3466 muto.
1927 3406 2063 3468 Etsi
2140 3479 2143 3482 Ι

122 3507 369 3570 namque
421 3509 538 3548 non
581 3485 680 3547 ille
726 3485 866 3560 sim,
927 3486 1024 3569 qui
1067 3488 1246 3549 telam
1290 3487 1588 3550 >historiae
1632 3490 2063 3573 Hungarorum
