2384 3886
403 239 485 295 34

403 384 732 449 summunt,
778 383 845 434 ut
878 369 970 431 his
1000 369 1198 431 saltim
1232 370 1369 456 plus
1401 370 1700 434 confidere
1731 392 1798 432 se
1824 394 2007 458 posse
2041 373 2333 438 arbitren-

402 472 519 522 tur.
577 459 845 534 Quorum
893 452 1128 538 quidem
1191 453 1525 540 opinionem
1580 454 1737 517 hanc
1780 478 1893 518 nos
1946 457 2334 542 plurimorum

404 565 675 605 errorum
734 550 983 601 matrem
1015 537 1293 613 dicimus3
1339 538 1423 601 illi
1459 539 1597 625 quid
1633 539 1705 603 de
1735 563 1806 603 ea
1843 553 2116 619 teneant,
2172 542 2333 605 dein-

403 650 545 714 ceps
609 624 754 711 ipsi
784 645 989 685 secum
1050 623 1443 700 constituent,
1499 623 1552 685 si
1597 624 2020 711 perpenderint
2063 625 2333 704 uberius,

402 713 573 796 leges
623 707 911 795 quasdam
960 730 1289 793 nunquam,
1367 707 1516 770 alias
1555 709 1740 771 multo
1802 709 2034 772 demum
2099 710 2335 773 tardius

402 817 577 881 quam
605 794 764 856 latae
812 792 965 868 sint,
1022 805 1083 854 et
1128 815 1344 854 rursus
1394 793 1544 854 alias
1595 815 1666 855 ea
1708 794 1902 855 solum
1946 806 2120 882 parte
2147 843 2163 872 ,
2219 817 2337 880 qua

399 902 583 955 usus,
632 889 961 965 perpetuus
1000 899 1205 939 earum
1241 877 1570 963 interpres,
1629 876 1889 956 arbiter,
1936 902 2156 943 censor
2193 901 2332 942 con-

401 963 614 1042 cessit,
662 961 735 1026 ad
762 961 1034 1047 vigorem
1068 961 1436 1048 pervenisse.

1269 1163 1311 1238 ς
1356 1166 1457 1222 32.

780 1322 842 1364 ut
871 1313 1299 1379 Magistrorum
1331 1313 1592 1364 omnium
1624 1322 1948 1380 praecepta

568 1460 773 1524 Habet
822 1460 1013 1546 igitur
1072 1459 1330 1546 diploma
1362 1458 1638 1547 quodque
1667 1462 1867 1549 paullo
1903 1463 2205 1527 vetustius
2233 1463 2331 1527 de-

396 1546 828 1623 liberationem,
875 1568 986 1608 nec
1022 1544 1122 1630 qui
1169 1545 1354 1608 verba
1389 1555 1544 1623 ejuS,
1590 1545 1746 1609 idem
1794 1569 1934 1609 mox
1977 1570 2105 1610 rem
2149 1548 2329 1611 etiam

397 1645 578 1695 tenet.
651 1630 802 1708 Quis
849 1630 1094 1716 ignorat
1147 1629 1506 1692 sententiam
1558 1630 1751 1715 Prayi
1801 1637 1848 1710 ¹)
1893 1632 2130 1716 quanti,
2226 1656 2327 1695 ua-

395 1717 590 1803 lisque
625 1715 686 1777 in
723 1714 906 1776 rebus
950 1713 1303 1798 hungaricis
1337 1713 1482 1791 viri,
1531 1714 1632 1811 qui
1667 1726 1735 1777 ut
1779 1728 1909 1778 erat
1947 1717 2019 1784 de
2061 1656 2330 1780 moribus

399 1802 648 1864 aliarum
692 1823 800 1887 per
832 1803 1137 1885 Europam
1173 1798 1445 1884 gentium
1473 1822 1670 1861 minus
1702 1799 2020 1879 sollicitus,
2059 1823 2193 1864 cum
2225 1825 2329 1888 pa-

396 1909 530 1949 rum
571 1896 783 1948 nosset
820 1883 1024 1971 prisco
1082 1885 1519 1946 Germanorum
1572 1883 1884 1962 instituto,
1943 1887 2333 1973 exemploque

395 1970 715 2034 Pontificis
761 1967 1012 2031 Maximi
1054 1973 1106 2047 2)
1147 1968 1352 2031 Ulsum
1381 1967 1611 2054 pseudo
1641 1970 2065 2055 presbyterum
2091 1983 2333 2035 attonso

401 2056 597 2142 capite
651 2053 1047 2137 adustaque
1107 2052 1453 2138 stigmate
1506 2053 1743 2117 fronte
1792 2054 2068 2118 mulctari
2105 2055 2333 2142 praeci-

395 2139 647 2227 pientiS,
693 2138 754 2200 id
793 2137 1004 2201 deinde
1049 2137 1200 2224 apud
1249 2141 1585 2222 Hungaros
1635 2161 1872 2225 quoque
1907 2140 1968 2202 in
2013 2163 2191 2202 usum
2233 2163 2333 2203 ve-

397 2225 592 2301 nisse,
633 2236 701 2286 ut
726 2222 826 2308 qui
843 2235 1088 2285 auctore
1102 2221 1328 2308 judice,
1347 2222 1485 2284 falsi
1511 2223 2030 2302 convincerentur,
2053 2223 2332 2288 infamem

395 2322 600 2373 notam
619 2307 960 2393 hujusmodi
981 2307 1305 2384 referrent,
1359 2307 1446 2370 ita
1477 2308 1685 2394 lapsus
1713 2310 1857 2387 est,¹
1882 2322 1952 2372 ut
1986 2310 2184 2372 locum
2222 2308 2332 2371 Di-

396 2393 677 2482 plomatis
714 2393 899 2455 Belae
942 2392 1134 2454 Ducis
1182 2391 1505 2455 Slavoniae
1555 2399 1607 2472 3)
1650 2416 1767 2478 quo
1819 2393 2151 2457 calumniae
2187 2415 2333 2457 reus

538 2581 581 2639 1)
627 2579 683 2627 In
713 2578 857 2627 notit.
890 2592 1056 2643 praev.
1090 2577 1207 2626 hist.
1241 2576 1364 2641 Reg.
1398 2576 1562 2641 Hung.
1596 2591 1710 2641 pag.
1744 2575 1957 2626 LXXIII.

532 2666 580 2723 2)
617 2663 738 2711 Rem
768 2677 967 2711 omnem
993 2661 1151 2711 fusius
1178 2661 1396 2710 Thomas
1421 2661 1568 2710 Arch.
1596 2660 1723 2710 Hist.
1750 2660 1916 2710 Salon.
1939 2675 1984 2709 c.
2002 2660 2125 2710 XVI.
2147 2667 2331 2710 narrat.

533 2749 581 2807 3)
625 2746 717 2795 Est
753 2746 850 2795 hoc
889 2746 948 2795 de
981 2761 1111 2795 anno
1149 2742 1310 2795 1268
1344 2745 1427 2808 (C.
1461 2745 1520 2795 D.
1552 2744 1636 2794 XI.
1671 2760 1723 2809 p.
1757 2739 1929 2806 407.)
1963 2744 2251 2806 „Demetrio
2285 2751 2335 2795 et

400 2832 505 2880 aliis
537 2845 688 2895 super
717 2830 1038 2894 requisitione
1069 2829 1226 2895 ipsius
1255 2829 1429 2879 tertiae
1459 2828 1614 2894 partis
1640 2836 1938 2895 perpetuum
1968 2828 2215 2878 silentium
2235 2829 2336 2877 im-

399 2921 669 2982 ponenteS‚
703 2921 758 2963 ut
789 2915 1027 2964 convictis
1056 2915 1107 2964 in
1140 2913 1436 2963 calumnia
1465 2913 1765 2971 manifestis,
1799 2920 1848 2963 et
1877 2913 2127 2962 Demetrio
2158 2913 2244 2962 uni
2276 2927 2335 2963 ex

401 3001 588 3051 eisdem
620 2999 702 3064 qui
733 2999 925 3047 assari
957 2998 1189 3058 debebat,
1223 3013 1331 3062 pro
1361 2997 1714 3062 hujusmodi
1743 2997 1873 3047 litis
1903 2997 2330 3057 refricatione,

401 3087 462 3135 ad
508 3084 797 3149 petitionem
840 3082 1117 3146 aliquorum
1162 3082 1414 3131 Baronum
1459 3087 1746 3131 nostrorum
1793 3088 2086 3147 parcenteS‚
2142 3091 2333 3146 partem

403 3169 575 3235 capitis
616 3168 691 3217 sui
733 3166 901 3216 abradi
939 3167 1146 3215 fecimus
1188 3167 1238 3215 in
1287 3166 1525 3230 signum
1569 3165 1846 3231 oprohrii
1889 3172 1946 3215 et
1984 3165 2331 3215 memoriam

400 3253 721 3305 ultioniS.“
770 3251 900 3300 Aliae
942 3251 1191 3300 Laurentii
1224 3251 1283 3300 de
1314 3251 1589 3301 Hedervara
1637 3250 1839 3301 Palatini
1879 3251 1939 3301 de
1978 3251 2153 3300 eodem
2201 3263 2332 3299 anno

403 3339 527 3403 (VII.
569 3355 614 3387 v.
653 3335 706 3386 5.
748 3352 799 3401 p.
837 3332 963 3397 35.)
1011 3335 1267 3400 sequentia
1299 3335 1483 3385 habent
1529 3336 1739 3402 „Ipsum
1779 3336 1932 3386 Adam
1963 3342 2213 3399 tamquam
2246 3349 2334 3383 ca-

403 3424 747 3473 lumniatorem
789 3421 981 3470 assari
1011 3420 1243 3481 fecimuS,
1290 3436 1402 3470 cum
1435 3429 1573 3485 patre
1604 3436 1719 3471 vero
1751 3422 1812 3472 ad
1842 3419 2126 3471 instantiam
2157 3419 2333 3469 adver-

403 3508 643 3557 sariorum
676 3506 1061 3555 misericordiam
1092 3506 1359 3555 fecimuS.“
