2384 3886
1948 223 2029 278 75

986 476 1130 550 §a

594 625 744 674 Atila
777 639 1008 699 quoque
1040 625 1196 674 Duce
1227 627 1515 690 perstitit.

264 775 432 833 Inter
454 773 654 832 Duces
677 773 1032 831 Hunnorum
1055 771 1225 832 Atila
1256 773 1420 851 (Etel
1444 771 1691 833 dicimus
1712 774 2023 860 Hungari)

93 855 234 918 belli
280 856 560 940 pacisque
605 854 1061 939 potentissimus
1105 878 1236 916 cum
1273 868 1471 931 esset,
1508 860 1750 941 jamque
1787 862 2021 943 Regum

91 939 268 1001 etiam
322 938 618 1001 sociorum
644 988 658 1015 ,
728 951 831 1000 aut
887 938 948 999 in
999 940 1329 1002 clientelam
1381 952 1758 1025 receptorum
1829 943 2021 1004 conci-

88 1023 231 1085 lium
264 1022 524 1108 agitaret
566 1030 642 1102 1),
688 1022 842 1084 hanc
869 1037 1068 1087 tamen
1093 1037 1296 1086 tantae
1329 1025 1648 1109 potestatis
1677 1025 2022 1088 facultatem

3 1152 5 1158 ι
89 1130 160 1170 ea
190 1120 538 1170 constanter
573 1107 867 1192 sapientia
896 1109 1272 1194 temperavit,
1310 1122 1376 1171 ut
1408 1110 1576 1171 salva
1606 1109 1886 1172 tribubus
1919 1135 2020 1173 ne-

0 1241 4 1267 ,
87 1191 255 1277 gotia
307 1192 599 1255 communi
650 1205 1041 1277 cognatorum
1081 1194 1325 1255 concilio
1366 1194 1796 1257 determinandi
1836 1195 2020 1256 facul-

0 1287 4 1349 ἱ
85 1288 245 1353 tate,
292 1276 364 1340 de
404 1277 615 1352 rebuS,
661 1300 811 1362 quas
852 1278 1241 1362 permeditato
1270 1279 1405 1363 geri
1436 1278 1679 1341 consilio
1728 1279 2019 1355 interfuit,

0 1358 4 1447 ξ
86 1373 368 1446 quantum
390 1361 624 1447 quidem
647 1361 759 1423 hae
805 1362 1051 1423 tractari
1094 1385 1224 1423 cum
1261 1362 1635 1425 multitudine
1666 1376 1881 1425 natura
1908 1387 2019 1425 sua

0 1475 2 1479 ⁷
84 1446 434 1522 renuebant,
475 1445 621 1508 solis
656 1458 884 1508 tantum
905 1446 1282 1509 Primoribus
1313 1447 1705 1532 Ducibusque
1734 1448 2016 1523 tribuum,

0 1530 2 1603 ἶ
83 1529 284 1615 magni
316 1530 472 1618 apud
504 1530 616 1592 has
648 1530 903 1593 nominis
934 1544 994 1593 et
1028 1531 1517 1607 existimationiS,
1570 1538 1620 1610 2)
1668 1532 1923 1594 consciis
1964 1540 2015 1611 3)

0 1621 2 1688 ξ
83 1613 458 1689 decerneret3
521 1614 591 1677 de
641 1615 776 1677 aliis
831 1627 976 1677 tunc
1027 1616 1286 1692 demum,
1346 1615 1483 1677 dum
1534 1616 2015 1680 communitatem

0 1698 1 1760 j
37 1772 41 1773 ⁷
84 1698 415 1763 audivisset
455 1706 508 1780 4)
550 1711 862 1762 statueret.

219 1933 261 1993 1)
309 1931 524 1996 Hyeron.
551 1933 707 1982 Ruhei
732 1933 1060 1983 Historiarum
1079 1935 1297 1984 Ravenn.
1320 1935 1436 1985 edit.
1470 1936 1680 1984 Venetae
1707 1932 1865 1985 1589
1894 1936 1928 1984 1.
1950 1936 2011 1984 Il.

79 2016 140 2065 ad
171 2031 215 2064 a.
250 2010 392 2065 [451.
427 2032 531 2080 seq.
566 2017 640 2065 Illi
669 2023 834 2066 tamen
868 2018 1065 2079 (Atilae)
1098 2019 1230 2068 haud
1260 2019 1324 2068 ita
1357 2020 1440 2069 diu
1470 2027 1587 2084 post
1617 2020 1811 2069 animus
1851 2021 2013 2069 denuo

78 2099 246 2160 rediit,
278 2101 587 2165 evocatisque
619 2102 679 2150 ad
710 2102 1010 2167 colloquium
1043 2104 1174 2168 apud
1206 2104 1434 2165 Curtem,
1471 2120 1617 2168 quam
1648 2104 1795 2153 hodie
1820 2104 2010 2153 Budam

39 2245 43 2249 y
76 2200 334 2244 vocamus,
375 2184 595 2235 barbaris
626 2186 851 2250 regibuS,
892 2188 1116 2237 hortatus
1148 2195 1224 2237 est
1253 2189 1572 2238 vehementer
1601 2189 1770 2238 Italiae
1807 2189 2014 2253 provin—

78 2268 228 2330 ciam,
262 2275 316 2318 ut
346 2270 511 2334 agredi
544 2270 723 2319 Secum
754 2271 950 2333 vellent,
986 2272 1065 2322 cui
1097 2288 1210 2322 cum
1241 2274 1410 2323 multis
1443 2274 1502 2323 de
1534 2273 1696 2324 causis
1729 2280 1898 2322 essent
1927 2262 2013 2321 as-

78 2353 211 2402 sensi
243 2360 339 2403 cet.
832 2372 835 2374 ’

210 2454 257 2512 2)
302 2452 502 2502 Priscus
535 2461 747 2514 „contra
777 2455 1019 2505 infinitam
1039 2456 1331 2521 Scytharum
1361 2456 1753 2518 multitudinem,
1778 2463 1827 2506 et
1849 2456 2011 2505 Duces

75 2535 239 2599 magni
290 2537 420 2600 apud
466 2553 551 2586 eos
589 2539 806 2588 nominis
845 2546 894 2589 et
937 2540 1333 2590 exstimationis“
1379 2557 1488 2605 cap.
1529 2539 1584 2590 2.
1637 2547 1666 2600 ς
1700 2539 1754 2589 2.
1803 2541 1911 2589 Non
1952 2540 2010 2588 ad

73 2620 252 2669 Alanos
280 2620 408 2668 enim
438 2622 588 2682 50105,
625 2623 711 2671 sed
738 2623 833 2671 hos
852 2624 1159 2689 Hunnosque
1186 2626 1435 2689 pertinent
1455 2626 1576 2674 haec
1598 2624 1838 2673 Ammiani
1857 2625 2006 2672 Marc.

77 2704 333 2764 „Servitus
367 2705 479 2769 quid
514 2706 577 2755 sit
605 2706 858 2771 ignorant,
902 2723 1076 2757 omnes
1108 2724 1350 2773 generoso
1384 2710 1571 2757 semine
1603 2708 1874 2773 procreati,
1918 2709 2011 2757 Ju-

74 2787 305 2853 dicesque
337 2789 603 2839 etiamnum
637 2791 822 2855 eligunt
853 2792 1082 2842 diuturno
1113 2793 1325 2842 bellandi
1355 2810 1450 2842 usu
1482 2797 1793 2857 spectatOS.“

166 2888 213 2947 3)
259 2887 457 2938 Priscus
497 2889 676 2939 ibidem
720 2891 927 2955 „Itaque
967 2907 1068 2940 non
1108 2893 1262 2942 multo
1303 2900 1418 2957 post
1450 2893 1710 2942 consilium
1741 2893 2007 2941 Procerum

74 2971 134 3018 de
165 2971 268 3034 his,
309 2988 431 3035 quae
462 2974 582 3023 Atila
615 2981 874 3035 statuerat,
907 2976 1138 3026 habuit.“
1402 2980 1406 2985 “

205 3071 253 3129 4)
303 3070 435 3127 Quae
466 3072 612 3136 hujus
645 3074 790 3123 fuerit
820 3076 1112 3137 auctoritas,
1155 3077 1322 3125 itidem
1353 3076 1552 3126 Priscus
1584 3092 1673 3140 per
1702 3076 1845 3124 verba
1878 3075 2009 3122 indi-

73 3160 176 3202 cat:
227 3154 413 3213 „Atilas
455 3156 620 3205 literas
647 3159 707 3206 ad
731 3158 1085 3222 Imperatorem
1112 3161 1471 3222 (Theodosium
1499 3160 1774 3224 juniorem)
1811 3158 2010 3222 scripsit

74 3244 309 3302 quantum
351 3239 409 3286 ad
448 3239 657 3299 tributa,
697 3250 750 3290 ut
788 3258 959 3292 eorum
999 3244 1250 3308 proximae
1291 3244 1637 3309 descriptionis
1678 3244 1831 3307 gratia
1862 3243 2006 3306 legati

73 3322 132 3370 de
172 3322 249 3370 his
288 3338 457 3372 secum
496 3324 651 3373 acturi
691 3326 751 3373 ad
784 3341 836 3374 se
868 3327 1113 3388 venirent,
1163 3344 1225 3378 ne
1269 3329 1309 3377 si
1350 3333 1722 3385 cunctarentur,
1778 3327 2004 3390 Scythae,

72 3406 130 3454 ad
171 3406 353 3455 bellum
394 3415 806 3472 prorumperent,
859 3426 964 3460 nec
996 3413 1154 3461 enim
1184 3412 1313 3477 jam,
1362 3411 1595 3461 etiamsi
1627 3410 1794 3469 velit,
1838 3411 1886 3459 in
1919 3427 2004 3460 sua

72 3496 314 3553 potestate
345 3507 482 3551 esse,
526 3492 879 3556 Scytharum
911 3495 1361 3546 multitudinem
1398 3496 1579 3545 diutius
1612 3495 1925 3545 continere.“
