2384 3886
365 218 448 274 26

364 358 495 418 Rex
541 351 803 438 priscum
850 347 1129 431 ductandi
1174 349 1476 411 exercitus
1521 370 1746 411 morem
1793 347 2120 410 instaurari
2160 348 2297 411 dum

363 437 559 513 vellet,
606 459 738 499 eum
777 445 996 496 testem
1030 432 1093 494 in
1128 435 1399 518 Regesto
1441 456 1551 496 suo
1597 431 2084 519 (Propositiones
2123 432 2300 496 hodie

364 520 644 599 dicimus)
671 518 744 580 ad
768 517 1028 581 Ordines
1054 517 1232 602 regni
1265 518 1560 602 allegaret
1596 524 1647 597 2)
1680 529 1741 579 et
1773 540 1916 579 vero
1939 516 2062 592 isti,
2097 529 2299 603 quate-

363 629 480 668 nus
520 605 580 666 in
613 615 753 665 vota
799 604 930 687 ejus
990 614 1447 678 concesserunt,
1501 602 1831 688 nonfplane
1863 601 2087 663 nullam
2109 600 2300 664 Chro-

362 687 659 774 nographi
692 685 870 771 hujus
906 684 1194 748 habuisse
1228 686 1522 749 rationem
1560 685 1890 749 videantur.
1948 689 2066 748 Est
2099 685 2303 770 itaque

362 771 743 835 Thuroczius
791 777 999 855 (atque
1043 770 1198 834 idem
1239 770 1312 834 de
1362 769 1644 833 chronico
1692 770 1961 833 Budensi
2019 776 2072 849 3)
2129 769 2302 833 intel-

360 856 471 941 ligi
507 856 712 938 velim)
749 854 889 916 mihi
941 854 1084 917 item
1107 878 1214 940 pro
1256 855 1451 928 fonte,
1498 854 1606 917 sed
1637 877 1811 939 quem
1826 877 2036 940 parum
2058 852 2305 917 uberem

359 940 754 1027 pluribusque
795 938 944 1001 locis
981 938 1160 1001 etiam
1204 938 1399 1000 minus
1445 937 1750 1024 limpidum
1803 960 1943 999 esse
1987 939 2146 1001 ultro
2195 961 2303 1022 ag-

363 1048 567 1088 nosco.
614 1023 962 1087 Sententias
995 1022 1150 1085 enim
1179 1021 1361 1084 habet
1387 1023 1589 1106 inepto
1619 1020 1901 1105 inanique
1929 1021 2153 1107 impetu
2175 1023 2306 1108 plu-

360 1132 463 1172 res
517 1116 572 1188 4)
619 1121 679 1171 et
720 1106 995 1169 familiari
1042 1106 1404 1190 scriptorum
1439 1105 1570 1166 aevi
1612 1103 1708 1167 sui
1744 1103 1891 1168 vitio
1944 1129 2053 1191 pro
2104 1105 2305 1193 populi

360 1206 531 1279 parte
551 1193 850 1279 populum,
875 1213 984 1274 pro
997 1188 1398 1273 Magnatibus
1416 1187 1876 1251 Communitatis
1894 1212 2108 1253 nomen
2130 1214 2306 1253 usur-

358 1276 553 1362 pando
623 1284 673 1354 5)
721 1272 1037 1358 ancipitem
1085 1272 1513 1335 vocabulorum
1561 1272 1900 1358 hujusmodi
1953 1274 2110 1360 apud
2142 1287 2304 1338 vete-

357 1383 460 1423 res
496 1381 741 1422 sensum
776 1358 1189 1442 rationemque
1227 1357 1406 1420 etiam
1449 1356 1860 1420 obscuriorem
1887 1358 2098 1423 reddit.

495 1571 542 1630 2)
576 1569 733 1619 Tomo
775 1570 814 1620 Ι.
858 1571 1069 1636 suplem.
1115 1570 1177 1620 ad
1216 1572 1419 1637 vestigia
1458 1571 1626 1622 comit.
1668 1587 1720 1637 p.
1768 1567 1910 1622 392.
1943 1571 2126 1623 Recole
2157 1573 2304 1623 etiam

360 1653 494 1703 Prol.
529 1653 675 1702 Decr.
709 1654 772 1703 ΙΙ.
806 1655 955 1719 Regis
988 1654 1212 1719 ejusdem
1243 1661 1272 1715 §
1304 1650 1360 1705 4.

483 1738 531 1798 3)
562 1737 736 1786 Itidem
769 1754 859 1802 per
890 1739 1277 1789 Podhraczkium
1307 1746 1536 1790 nostrum
1567 1739 1718 1790 edito·

489 1823 540 1882 4)
585 1820 640 1870 P.
681 1822 721 1871 I.
763 1838 874 1887 cap.
919 1823 980 1872 X.
1027 1823 1318 1874 Comunitas
1382 1853 1450 1860 —
1508 1831 1855 1889 errantemque
1895 1823 2161 1875 Rectorem
2192 1840 2306 1875 eum

361 1906 638 1969 corripere,
687 1922 744 1956 ac
774 1906 961 1971 pariter
991 1915 1040 1957 et
1071 1908 1369 1972 Capitaneos
1400 1909 1537 1958 dum
1568 1908 1779 1969 vellet,
1827 1909 2133 1973 deponere
2163 1925 2306 1975 pos-

360 1997 474 2039 set.
534 1990 589 2039 P.
635 1990 697 2039 11.
744 2006 854 2055 cap.
895 1991 979 2040 IX.
1022 1991 1144 2041 aliae
1187 2007 1302 2042 vero
1348 1993 1694 2057 generationes
1744 2022 1807 2029 --
1859 1992 2166 2058 acceperunt
2213 1993 2306 2044 sibi

358 2074 562 2124 locum
595 2080 644 2123 et
674 2075 1050 2125 descensum
1082 2076 1152 2126 ad
1182 2091 1389 2127 eorum
1416 2077 1895 2144 beneplacitum
1927 2084 2025 2128 cet.

497 2160 544 2220 5)
575 2158 629 2209 P.
666 2158 728 2208 ΙΙ.
763 2174 874 2224 cap.
910 2153 1011 2209 47.

1237 2301 1280 2375 ς
1325 2303 1427 2359 23.

1180 2480 1487 2544 quaedam.

533 2636 880 2722 Scriptores
916 2648 1153 2700 ceteros
1182 2644 1403 2723 (neque
1435 2638 1592 2701 enim
1628 2638 1890 2702 omnium
1918 2638 2072 2703 inire
2104 2660 2306 2702 nume-

359 2742 491 2780 rum
544 2720 916 2805 propositum
947 2720 1092 2783 mihi
1126 2728 1250 2802 est)
1271 2722 1426 2808 apud
1458 2722 1713 2800 Belium,
1761 2721 2307 2786 Schwandtnerum

357 2803 753 2886 C.1gnati11m
793 2803 1242 2888 Bathianyium,
1287 2806 1786 2883 Kovachichium,
1822 2807 2163 2905 Engelffim,
2203 2807 2307 2868 ali-

361 2909 549 2970 osque
592 2886 889 2972 reperias:
934 2888 1092 2963 Quid
1118 2887 1190 2951 de
1224 2890 1544 2953 Bonfinio2
1595 2891 1855 2954 oratorie
1895 2889 1994 2953 hlc
2021 2903 2081 2953 et
2108 2891 2307 2976 magis

360 2968 746 3033 adcomodate
793 2970 867 3033 ad
911 2994 1084 3033 suum
1126 2971 1435 3058 ingenium
1458 3022 1473 3051 ,
1570 2998 1706 3036 uam
1746 2975 1820 3038 ad
1862 2976 1952 3038 rei
1994 2975 2309 3038 veritatem

360 3054 686 3140 scripsisse
710 3055 1002 3139 arguitur.
1048 3059 1269 3143 Neque
1309 3057 1368 3120 id
1402 2997 1666 3143 egoqdici
1698 3058 1768 3120 de
1794 3060 2050 3146 plurima
2109 3059 2308 3146 operis

357 3142 485 3224 ejus
505 3152 677 3224 parte
696 3162 998 3212 recusem;
1035 3153 1303 3204 extrema
1318 3155 1518 3205 tamen
1532 3143 1803 3207 Mathiae
1825 3147 1871 3206 1.
1895 3157 2167 3232 tempora
2187 3145 2307 3230 pri-

357 3245 572 3307 maque
625 3222 919 3287 Uladislai
971 3227 1050 3286 11.
1101 3249 1173 3288 ea
1221 3249 1355 3288 cum
1409 3227 1790 3291 accuratione
1843 3241 2132 3293 executus
2192 3241 2308 3306 est,

355 3306 654 3369 hactenus
692 3319 904 3370 auctor
940 3321 1007 3372 ut
1039 3308 1119 3372 sit
1156 3309 1477 3389 classicus,
1522 3312 1759 3399 ipsique
1798 3313 2089 3376 Istvanfio
2118 3311 2306 3376 histo-

354 3391 506 3451 riam
545 3392 733 3453 seculi
765 3391 946 3478 hujus
969 3395 1286 3474 retexenti,
1328 3410 1612 3482 quantum
1653 3398 1888 3484 quidem
1951 3397 2025 3459 ad
2077 3397 2307 3484 profes-
2373 3471 2384 3488 .

356 3497 492 3536 sum
528 3477 1093 3542 commentariorum
1115 3478 1327 3544 horum
1358 3482 1568 3559 finem,
1620 3482 1877 3546 utilitate
1909 3481 2244 3546 antecellat.
