2384 3886
425 185 548 242 180

424 343 670 406 rumque
706 319 766 381 in
811 316 1233 380 consecrandis
1275 312 1591 404 Episcopis
1623 315 2002 379 similitudine
2036 318 2357 395 aestimes,

424 405 768 471 tantundem
814 403 1086 466 coronari
1135 402 1273 482 suit,
1337 416 1618 489 quantum
1660 402 1852 488 regali
1901 404 2195 466 auctorari
2242 427 2337 467 sa-

424 491 704 561 cerdotio.
761 491 885 552 Pro
922 512 992 552 eo
1030 512 1272 576 nempe,
1318 501 1385 551 ut
1416 489 1513 576 qui
1542 491 1704 566 Rex„
1757 487 1911 550 idem
1950 489 2340 563 &Sacerdos

425 589 615 652 esset,
666 573 819 662 apud
860 575 1174 639 Hebraeos
1225 574 1458 661 quidem
1499 572 1978 648 Melhisedechii3
2033 573 2188 661 apud
2225 577 2370 656 Pto-¹

425 685 631 724 manos
690 666 961 732 Numae,
1029 674 1088 726 et
1151 659 1397 723 aliorum
1463 664 1736 746 Regum3
1770 666 1821 740 2)
1880 671 2019 747 post
2074 682 2342 723 eversam

423 772 566 811 vero
592 746 1011 834 rempublicam
1031 795 1046 824 ,
1087 744 1287 809 traditi
1322 746 1650 809 Octaviano
1683 745 1930 809 Caesari
1949 745 2345 808 Pontificatus

426 834 603 896 etiam
643 831 881 895 maximi
918 833 1249 920 exemplum
1292 831 1508 894 stabat.
1535 838 1586 911 3)
1646 834 1835 907 Quam
1877 830 2065 916 igitur
2103 831 2344 894 Samuel

426 920 484 981 in
535 919 854 982 Salomone
901 919 1029 981 oleo
1066 930 1241 980 uncto
1282 915 1578 991 exercuit,
1625 919 1829 1002 Reges
1860 916 2219 981 Pontificum
2252 940 2345 979 or-

429 1005 548 1068 dini
585 1003 929 1067 auctorandi
966 1002 1481 1077 consuetudinem,
1526 1000 1881 1064 Hierarchia
1918 1006 2184 1067 Romana
2230 1025 2346 1065 non

426 1090 635 1152 minori
658 1112 822 1165 suae,
850 1112 1022 1174 quam
1040 1092 1275 1185 Regum
1297 1087 1669 1150 auctoritatis
1692 1087 2010 1175 praesidio,
2027 1091 2153 1174 jam
2175 1100 2347 1151 sexto

427 1189 563 1264 post
584 1174 889 1237 Christum
914 1174 1116 1237 seculo
1139 1173 1511 1237 instauravit.
1555 1175 1707 1235 Post
1731 1174 1906 1260 paulo
1935 1174 2184 1237 alterum
2204 1172 2346 1237 item

430 1266 650 1325 Romae
689 1259 906 1322 veteris
943 1282 1190 1322 morem:
1224 1271 1462 1346 sceptra
1494 1271 1553 1322 et
1584 1257 1913 1322 diademata
1956 1259 2230 1345 Regibus
2273 1257 2346 1322 ad

428 1345 886 1409 confirmandam
938 1344 1148 1407 horum
1181 1358 1539 1432 potestatem
1572 1343 1724 1407 dono
1763 1343 2056 1423 mittendi,
2088 1345 2146 1407 in
2175 1369 2348 1408 usum

430 1432 783 1508 revocando,
819 1443 885 1494 ut
906 1431 1061 1494 ritus
1099 1430 1195 1494 hic
1240 1443 1407 1495 tanto
1448 1443 1612 1495 esset
1661 1430 2004 1516 augustior,
2052 1454 2347 1508 coronam,

433 1542 546 1604 qua
581 1530 758 1605 caput
799 1517 957 1579 uncti
994 1516 1400 1593 redimiretur,
1448 1516 1694 1601 adjecit,
1729 1527 1789 1578 et
1816 1517 2005 1579 omnis
2026 1517 2203 1603 hujus
2224 1539 2349 1578 mu-

432 1605 592 1666 neris
623 1601 907 1689 fungendi
940 1602 1301 1690 provinciam
1331 1602 1415 1666 ita
1446 1602 1583 1679 sibi,
1623 1599 1869 1688 suisque
1901 1603 2190 1667 ministris
2225 1625 2349 1665 ser-

432 1689 624 1766 vavit,
678 1702 743 1752 ut
796 1712 871 1751 ex
914 1689 1154 1751 monitis
1181 1696 1235 1769 4)
1278 1712 1348 1751 ac
1378 1687 1687 1775 precibuS,
1734 1710 1882 1774 quae
1924 1687 1984 1751 in
2025 1687 2216 1752 medio
2263 1687 2350 1750 rei

568 1880 615 1938 2)
659 1876 879 1926 Niebuhr
909 1893 956 1926 o.
991 1893 1035 1926 c.
1068 1876 1123 1926 P.
1160 1874 1214 1927 1.
1249 1892 1299 1942 p.
1336 1872 1483 1936 358,
1520 1872 1660 1927 361.

568 1964 616 2024 3)
661 1962 730 2011 De
769 1962 1106 2012 Romanorum
1144 1978 1282 2012 more
1320 1963 1414 2012 hoc
1455 1963 1595 2028 plura
1635 1962 1860 2013 Zosimus
1891 1962 2016 2012 Hist.
2049 1961 2083 2012 l.
2116 1961 2193 2012 lv.
2223 1975 2351 2026 qnae

436 2049 500 2098 ita
531 2048 784 2097 continuat
816 2047 1047 2108 „Primus
1080 2048 1275 2112 quidem
1306 2049 1462 2098 Numa
1493 2048 1666 2113 Pomp.
1702 2048 1835 2098 hunc
1865 2047 2351 2112 honorem-adeptus

433 2140 535 2195 est,
569 2148 841 2197 omnesque
873 2134 1106 2198 deinceps
1138 2134 1220 2198 qui
1250 2134 1409 2199 Reges
1440 2133 1632 2198 apellati
1664 2141 1795 2194 sunt,
1829 2150 1886 2184 ac
1915 2140 2031 2199 post
2060 2133 2172 2184 illos
2203 2131 2356 2182 Octa-

436 2219 605 2269 vianus
635 2219 767 2284 ipse,
801 2219 981 2284 quique
1011 2225 1127 2284 post
1158 2234 1270 2269 eum
1299 2217 1522 2269 Romano
1553 2220 1603 2268 in
1635 2219 1841 2285 imperio
1873 2225 2238 2270 successerunt.
2273 2217 2357 2267 Si-

436 2305 539 2355 mul
569 2305 697 2356 enim
730 2310 875 2369 atque
914 2320 1162 2355 summum
1199 2305 1460 2371 imperium
1499 2305 1706 2371 quisque
1737 2305 2030 2371 accipiebat,
2071 2304 2280 2356 amictus
2310 2303 2356 2352 ei

439 2390 755 2441 sacerdotalis
786 2405 813 2439 a
842 2390 1161 2440 Pontificibus
1190 2391 1489 2441 offerebatur
1518 2397 1567 2441 et
1596 2389 1830 2443 continuo
1861 2390 2112 2441 Pontificis
2135 2389 2200 2439 Μ.
2233 2388 2357 2439 titu-

439 2477 540 2527 lum
578 2475 864 2541 usurpabat.
923 2477 982 2526 At
1021 2477 1170 2526 ceteri
1210 2477 1406 2542 quidem
1444 2476 1697 2542 Principes
1741 2477 1953 2528 universi
1999 2473 2369 2529 lubentissimis,

438 2562 615 2612 animis
644 2562 777 2611 huuc
808 2563 1049 2612 honorem
1081 2562 1358 2628 accepisse,
1393 2569 1442 2612 et
1468 2563 1563 2612 hoc
1589 2563 1667 2612 usi
1693 2563 1834 2615 titulo
1852 2563 2103 2623 videntur,
2134 2560 2356 2625 adeoque

443 2647 796 2698 Constantinus
835 2648 979 2697 etiam
1019 2648 1203 2713 potitus
1240 2649 1471 2715 imperio,
1511 2648 1728 2714 itemque
1757 2655 1873 2715 post
1901 2648 2035 2709 illum
2068 2645 2240 2711 reliqui
2271 2660 2359 2695 or-

444 2734 555 2783 dine
595 2734 775 2794 secuti,
819 2742 867 2783 et
896 2734 1258 2784 Valentinianus
1297 2741 1442 2802 atque
1481 2734 1672 2785 Valens,
1721 2735 1882 2794 Quum
1921 2749 2038 2798 ergo
2075 2729 2384 2792 Pontifices,

444 2835 502 2868 ex
520 2834 676 2878 more,
711 2818 941 2868 Gratiano
961 2820 1106 2869 talem
1137 2820 1370 2869 amictum
1402 2820 1627 2882 (stolam)
1658 2820 1951 2881 attulissent,
1984 2824 2232 2871 aversatus
2263 2823 2359 2876 est,-

445 2904 520 2963 id,
572 2904 702 2968 quod
741 2903 996 2968 petebant,
1036 2910 1196 2956 ratus:
1243 2919 1344 2955 non
1383 2920 1493 2954 esse
1523 2905 1594 2954 fas
1625 2905 1888 2959 illiusmodi
1918 2904 2085 2956 habitu
2117 2904 2359 2958 Christia-

444 3005 563 3043 num
595 2988 704 3038 uti“
737 2994 832 3038 cet.
1319 3034 1323 3038 .

506 3117 517 3120 ,.
578 3077 628 3136 4)
673 3075 854 3124 Monita
884 3069 1168 3146 hujusmodi
1198 3076 1327 3140 apud
1357 3091 1451 3125 nos
1481 3076 1530 3125 in
1560 3092 1654 3126 usu
1684 3076 1874 3127 fuerant
1899 3092 2057 3142 usque
2081 3079 2356 3146 inaugurat.
2380 3120 2382 3122 -

449 3162 497 3211 d.
531 3161 595 3210 M.
631 3160 893 3210 Theresiae
919 3159 1055 3225 juxta
1085 3160 1200 3210 illud
1231 3161 1375 3211 Num.
1411 3177 1519 3227 cap.
1555 3162 1740 3212 XXVII.
1780 3160 1875 3213 18.
1917 3162 2158 3224 „Summe
2194 3172 2384 3218 temm?

446 3247 597 3297 Josue
636 3246 786 3296 filium
826 3246 1006 3305 Nunis,
1055 3246 1210 3295 virum
1252 3247 1302 3296 in
1344 3263 1440 3312 quo
1480 3254 1557 3297 est
1594 3248 1793 3313 spiritus
1832 3263 2000 3311 meuS,
2048 3257 2097 3300 et
2133 3251 2361 3318 imponas

451 3346 647 3382 manum
688 3339 821 3382 tuam
860 3332 953 3392 illi,
1001 3332 1278 3397 sistensque
1317 3332 1450 3383 illum
1490 3349 1655 3383 coram
1703 3334 1930 3384 Eleazare
1978 3336 2262 3398 sacerdote,
2311 3345 2360 3388 et

452 3432 615 3466 coram
647 3424 751 3467 toto
783 3425 945 3479 coetu,
978 3416 1218 3468 mandatis
1247 3418 1458 3469 instruas
1487 3419 1620 3469 illum
1646 3427 1756 3469 ante
1777 3419 1946 3470 oculos
1973 3435 2163 3481 eorum,
2190 3429 2240 3473 et
2262 3403 2367 3474 imss

452 3502 676 3563 pet-tiaris
700 3503 741 3551 ei
766 3503 824 3553 de
850 3503 1119 3567 gloriatum,
1153 3511 1201 3555 et
1227 3505 1467 3556 auscultet
1493 3505 1535 3555 ei
1565 3511 1696 3555 totus
1724 3512 1895 3555 coetus
1918 3505 2126 3558 filiorum
2146 3491 2374 3560 Israelis..
