2384 3886
366 185 402 236 6

362 321 470 383 sed
515 319 715 381 omisit
760 318 977 392 dicere,
1025 316 1127 392 ita,
1182 316 1236 377 si
1266 315 1374 379 tibi
1406 315 1659 394 videtur,
1718 317 1938 402 accipe.
1993 320 2133 384 Jam
2163 321 2293 382 An-

363 405 565 467 dream
623 407 701 465 ΙΙ.
766 400 1102 464 Dalmatiae
1163 412 1223 463 et
1271 400 1550 464 Croatiae
1604 401 1944 488 praefectus
1997 401 2136 466 dum
2201 428 2294 469 es-

363 501 477 565 set,
516 488 840 564 Notarium
869 484 1175 547 habuisse.
1219 488 1447 548 Petrus
1480 499 1610 549 erat
1648 486 1720 549 de
1752 509 1979 572 genere
2008 488 2220 551 Milke.
2247 497 2294 568 ι)

361 574 569 636 Belam
608 573 749 635 item
790 594 859 633 eo
908 569 1161 633 Andrea
1200 569 1498 657 genitum,
1546 584 1606 634 et
1643 594 1799 635 anno
1841 579 2008 634 1216
2046 573 2297 636 solemni

362 669 709 721 coronatum
754 655 894 732 ritu,
942 677 1100 731 mox,
1154 667 1335 741 atque
1381 679 1536 718 anno
1584 664 1749 719 1223
1819 664 2021 737 (sexto
2068 656 2296 722 decimo

362 743 577 805 aetatis
610 747 785 820 suae)
865 739 1265 803 rovinciarum
1303 739 1541 802 illarum
1583 741 1956 826 gubernator
1983 742 2295 806 renuncia-

360 839 547 902 retur,
596 839 656 889 et
697 826 748 887 si
800 825 964 887 ilum
1007 831 1059 905 2)
1101 837 1161 888 et
1200 825 1547 902 Notarium,
1606 827 1912 890 voluntate
1950 827 2157 891 Patris
2201 850 2296 890 ac-

361 911 614 998 cepisse.
659 850 931 974 Etffiunc
977 908 1213 996 quidem
1256 908 1615 995 hungarum,
1664 911 1843 972 claris
1891 924 2088 975 ortum
2129 925 2297 975 nata-

361 996 519 1058 libus
545 1046 560 1073 ,
609 995 799 1059 literis
825 1044 840 1071 ,
889 1019 996 1082 pro
1037 994 1211 1057 modo
1258 993 1495 1056 illorum
1539 1007 1874 1079 temporum
1899 1044 1915 1072 ,
1970 996 2299 1061 liberaliter

361 1083 662 1143 excultum
696 1129 710 1157 ,
788 1079 887 1165 qui
961 1078 1153 1141 sacris
1221 1078 1551 1141 Ordinibus
1619 1078 1928 1156 initiatus,
2013 1103 2049 1142 a
2108 1081 2300 1168 prima

359 1165 496 1228 inde
541 1164 946 1228 adolescentia
975 1163 1038 1224 in
1067 1162 1242 1246 regia
1287 1161 1424 1223 aula
1467 1162 1842 1227 versabatur.
1888 1165 2123 1251 Regius
2166 1169 2297 1230 No-

358 1251 549 1313 tarius
590 1249 686 1311 hic
716 1272 834 1310 non
865 1259 1098 1310 tantum
1135 1246 1295 1310 intra
1325 1269 1535 1310 aevum
1573 1271 1683 1334 per
1720 1249 2140 1313 Cornidesium
2176 1274 2298 1315 me-

358 1334 544 1396 ditato
584 1332 948 1419 descriptum
989 1331 1241 1394 consilio
1271 1330 1505 1394 muneri
1545 1331 1685 1395 huic
1725 1334 2003 1420 praefuit,
2062 1336 2170 1399 sed
2200 1359 2298 1399 eo-

358 1419 491 1482 dem
535 1419 738 1506 plane,
788 1440 963 1503 quem
994 1417 1093 1480 ille
1124 1439 1468 1504 supremum
1514 1419 1818 1504 apposuit,
1866 1442 2023 1482 anno
2069 1427 2297 1501 (1235)

358 1503 657 1567 Notarius
706 1526 844 1566 esse
891 1502 1084 1565 desiit.
1138 1505 1203 1563 Is
1247 1502 1451 1588 itaque
1498 1515 1620 1578 est,
1678 1526 1714 1565 a
1758 1527 1874 1601 quo
1922 1528 2056 1568 cum
2103 1506 2299 1569 omnia

358 1590 580 1651 absunt
610 1588 985 1674 longissime,
1027 1610 1178 1673 quae
1211 1587 1529 1650 adversum
1559 1601 1930 1652 recentlores
1967 1592 2153 1654 Belae
2184 1595 2296 1655 lv.

348 1678 477 1760 jam
507 1674 576 1736 in
608 1699 645 1736 'u
659 1674 899 1736 nivers
913 1695 1017 1735 um
1056 1672 1248 1757 Regis
1278 1674 1348 1734 N
1351 1671 1577 1735 otarios
1608 1696 1727 1741 non
1757 1674 1977 1759 injuria
2021 1675 2296 1739 adferun-

357 1773 487 1832 tur3
534 1758 677 1820 nihil
723 1771 934 1821 contra
975 1756 1154 1835 absit,
1203 1757 1344 1843 quin
1387 1757 1587 1844 operis
1630 1758 1793 1821 illius
1837 1783 1957 1823 non
1986 1772 2110 1823 tam
2141 1762 2297 1824 exis-

358 1844 557 1907 timari
601 1856 830 1920 auctor,
888 1860 1064 1929 quam
1121 1842 1309 1906 statui
1352 1842 1565 1929 possit.
1628 1843 1799 1920 Quod
1849 1845 2177 1930 ecquidem,
2222 1870 2298 1910 ne

358 1929 560 1992 multis
605 1943 666 1992 te
703 1952 920 2005 morer,
980 1927 1063 1991 ita
1109 1928 1250 1999 mihi
1295 1950 1649 2014 persvasum
1691 1930 1998 2015 profiteor,
2063 1943 2130 1994 ut
2179 1931 2298 2018 pri—

358 2038 488 2077 mae
535 2014 725 2098 Prayi
766 2012 1101 2076 sententiae
1133 2012 1207 2075 ad
1237 2010 1395 2075 hunc
1438 2012 1724 2077 reductae
1769 2038 2036 2093 sensum,
2084 2029 2296 2080 contra

356 2100 553 2186 ipsum
598 2103 897 2183 Prayum,
956 2098 1055 2183 qui
1103 2098 1357 2175 detecto,
1414 2098 1569 2184 quod
1618 2098 1903 2177 diximUS,
1959 2101 2297 2187 diplomate,

359 2198 550 2248 semet
606 2183 974 2271 amplissima
1029 2183 1268 2246 Kollari
1314 2183 1472 2246 inter
1518 2183 1785 2246 eruditos
1833 2186 2190 2250 auctoritate
2235 2186 2297 2248 in

359 2293 727 2333 communem
782 2268 996 2331 abduci
1042 2291 1338 2346 errorem,
1387 2281 1447 2331 et
1491 2269 1564 2332 de
1608 2268 1819 2331 initiali
1865 2270 2123 2333 nominis
2165 2274 2298 2335 No-

357 2355 494 2417 tarii
540 2354 717 2441 hujus
764 2354 940 2416 litera
983 2353 1138 2416 idem
1185 2376 1317 2415 cum
1349 2377 1418 2416 eo
1451 2353 1677 2417 sentire
1719 2378 1940 2441 passus
1988 2369 2101 2434 est,
2150 2369 2295 2419 tam-

359 2464 534 2526 quam
569 2444 710 2525 jure
756 2439 1010 2525 quodam
1069 2438 1180 2501 ado
1223 2438 1404 2502 tionis
1450 2441 1576 2524 jam
1620 2462 1788 2502 meae
1834 2441 2076 2527 penitus
2119 2441 2297 2504 insis—

357 2539 495 2587 tam.
555 2525 678 2588 Sed
723 2524 893 2611 prius
950 2548 1124 2609 quam
1169 2462 1284 2586 1100
1328 2547 1679 2611 persequar,
1726 2525 1798 2588 de
1844 2519 2112 2614 exemplo
2159 2549 2296 2615 ope-

356 2611 443 2671 ris
489 2609 829 2673 Viennensi
875 2608 1186 2671 dicendum
1234 2621 1343 2671 est.

496 2765 539 2823 1)
586 2763 762 2811 Timon
794 2763 1023 2827 Epitobme
1056 2765 1206 2813 Cron.
1250 2764 1309 2813 ad
1340 2763 1507 2814 Emer.
1543 2765 1746 2829 Regem.
1788 2794 1856 2801 —
1895 2765 2081 2816 Katona
2113 2767 2174 2816 H.
2210 2768 2292 2817 Cr.

359 2848 414 2897 Τ.
450 2847 526 2896 lv.
560 2863 610 2912 p.
646 2841 795 2907 489,
831 2841 973 2896 491.

493 2934 540 2992 2)
586 2931 708 2996 Pray
755 2932 881 2981 Hist.
922 2931 1045 2996 Reg.
1098 2933 1261 2997 Hung.
1303 2949 1354 2997 p.
1402 2928 1551 2992 204,
1595 2933 1677 2983 ubi
1717 2934 2046 3001 perigraphen
2098 2953 2296 3003 quoque

358 3017 511 3081 Sigilli
543 3015 650 3082 ejus
683 3017 743 3066 de
775 3017 871 3066 hoc
904 3024 953 3066 et
982 3032 1111 3067 anno
1151 3015 1311 3067 1226
1351 3017 1565 3067 exhibet.

1249 3155 1400 3230 §4

622 3277 958 3339 praemissa
1008 3277 1074 3325 dc
1122 3277 1397 3342 exemplo
1445 3278 1649 3343 operis
1695 3279 2021 3328 Viennensi

539 3382 675 3440 Vox
700 3378 1057 3456 „PdictuS,“
1093 3381 1152 3442 in
1178 3381 1447 3468 exemplo
1472 3382 1672 3468 operis
1693 3385 1761 3445 N
1765 3380 1935 3445 otarii
1972 3382 2156 3444 Belae
2181 3385 2295 3445 Re-

360 3462 458 3546 gis
506 3461 843 3527 Viennensi
890 3465 1364 3554 (autographum
1414 3465 1547 3544 hoc,
1613 3491 1689 3530 an
1735 3465 2149 3554 apographum
2189 3466 2294 3544 sit,
