2384 3886
329 207 410 261 44

1190 345 1232 418 §
1279 347 1375 402 41.

606 510 674 544 ac
719 494 1035 542 Decretum
1084 491 1451 556 tripartitum
1498 491 1990 542 Verhoczianum.
2062 525 2064 527 -

500 649 807 735 Auspiciis
831 649 1123 713 Uladislai
1154 653 1232 711 ΙΙ.
1265 648 1692 726 elucubratum,
1734 648 2141 732 Ordinumque
2172 670 2264 709 re-

330 737 436 822 gni
492 759 560 797 ac
607 735 798 819 Regis
847 733 1009 795 illius
1054 734 1369 819 probatum
1422 734 1831 796 consensione.
1918 731 2091 807 Quod
2111 754 2266 794 anno

330 827 496 883 1517
550 816 798 905 privatis
832 818 1091 880 auctoris
1136 817 1430 903 Stephani
1468 817 1818 893 Verboczii‚
1883 817 2132 879 aliorum
2169 815 2267 879 de-

328 904 464 967 inde
509 903 819 988 impendiis
879 903 1095 965 iterum
1155 904 1487 987 iterumque
1536 925 1822 964 excusum
1888 925 2043 963 anno
2100 907 2270 963 1628

329 989 582 1074 Corpori
605 988 775 1051 Juris
801 987 1091 1073 adjectum
1116 1000 1225 1050 est.
1272 991 1343 1048 ln
1368 986 1661 1048 laudando
1695 986 1807 1047 hoc
1830 983 2136 1048 domestici
2158 988 2267 1047 Ju-

329 1073 415 1134 ris
468 1072 808 1157 compendio
858 1073 1062 1157 plures
1095 1070 1429 1156 praestanti
1462 1069 1704 1154 ingenio
1749 1068 1863 1130 viri
1898 1091 2139 1154 operam
2165 1091 2268 1154 po-

327 1170 595 1220 suerunt.
641 1161 871 1218 Horum
893 1155 1152 1216 omnium
1179 1153 1405 1236 judicio
1454 1153 1508 1214 is
1543 1166 1770 1230 auctor,
1817 1166 1879 1216 et
1913 1153 2109 1240 gestis
2136 1156 2267 1215 Ma-

327 1241 686 1325 gistratibus
733 1251 792 1301 et
851 1237 1064 1300 eximia
1105 1237 1262 1324 juris
1285 1237 1501 1323 peritia
1553 1239 1842 1323 laudeque
1879 1237 2105 1301 forensi
2149 1238 2266 1299 cla-

330 1348 435 1386 rus
506 1324 858 1386 celebratur.
939 1326 1093 1386 Jure
1141 1321 1200 1384 id
1249 1322 1482 1408 quidem
1509 1323 1757 1408 optim03
1805 1322 1912 1386 sed
1947 1323 2102 1386 enim
2158 1321 2272 1384 hoc
2362 1379 2365 1383 ,

332 1408 555 1495 ipsum,
590 1420 650 1470 et
684 1430 858 1492 quam
885 1408 1072 1469 multa
1098 1420 1410 1493 praeterea
1447 1408 1509 1468 in
1540 1407 1946 1471 testimonium
1976 1407 2270 1493 amplissi-

329 1516 460 1555 mae
514 1496 641 1578 ejus
696 1491 1045 1555 eruditionis
1071 1541 1086 1568 ‚
1158 1492 1700 1578 integerrimaeque
1751 1492 1812 1553 in
1866 1491 2272 1554 concinnando

331 1600 509 1662 opere
567 1577 680 1639 hoc
718 1575 854 1639 fidei
889 1577 1196 1640 verissime
1229 1577 1341 1639 dici
1375 1590 1585 1640 contra
1614 1577 1951 1640 ardeliones
1985 1575 2272 1663 quosdam

330 1661 585 1747 possint,
631 1673 755 1723 tum
785 1661 1017 1724 demum
1055 1685 1409 1747 cognosceS‚
1457 1661 1509 1723 si
1547 1662 1851 1739 doctrinae
1886 1665 2018 1747 ejus
2054 1660 2270 1746 capita,

333 1745 407 1808 ad
451 1747 623 1830 leges
667 1758 728 1807 et
765 1746 1140 1830 antiquorum
1169 1748 1501 1809 sententias
1536 1746 1919 1832 diplomatum
1944 1745 2270 1832 perpende-

331 1830 433 1892 ris
496 1830 598 1892 Ad
642 1829 796 1914 quod
842 1830 1191 1892 Institutum
1235 1854 1527 1916 praesens
1569 1844 1629 1893 et
1671 1830 1979 1894 materiam
2022 1830 2272 1917 praebet

335 1915 589 2000 amplam
621 1927 681 1976 et
712 1915 1069 1977 facultatem.

445 2101 511 2161 3.
556 2100 659 2161 De
689 2102 906 2162 codice
943 2102 1136 2162 Juris
1172 2103 1567 2164 Budensz‘um
1605 2110 1668 2164 et
1710 2103 2161 2164 Thavernicali

1210 2275 1252 2350 g
1295 2279 1396 2333 42.

409 2435 661 2484 quorum
706 2421 811 2471 ille
850 2422 1228 2472 auctoritate
1265 2423 1382 2473 sori
1421 2424 1711 2484 inferior,
1757 2425 1900 2474 huic
1931 2424 2001 2474 ad
2031 2439 2198 2474 usum

784 2520 1063 2570 Instituti
1102 2523 1452 2586 praesentis
1492 2523 1824 2573 antecellit.

507 2678 690 2742 Urbis
730 2677 1060 2755 Budensis‚
1125 2703 1275 2765 quae
1321 2679 1459 2742 olim
1486 2683 1628 2766 jura
1663 2693 1724 2743 et
1768 2692 1998 2743 statuta
2031 2679 2272 2757 fuerint,

337 2759 675 2824 Michnaius
713 2776 774 2825 et
812 2762 1149 2825 Lichnerus
1194 2763 1434 2837 docent3
1492 2765 1650 2828 edito
1687 2788 1876 2849 nuper
1919 2763 2138 2827 Codice
2171 2764 2274 2827 ho-

338 2867 470 2905 rum
507 2846 581 2907 ab
622 2870 672 2907 a.
717 2854 1160 2923 1244-—1421‚
1207 2848 1595 2933 adjectisque,
1641 2862 1709 2911 ut
1747 2848 1900 2912 Belii
1938 2861 1998 2911 et
2033 2848 2276 2911 Tomka

342 2929 627 2990 Szaszkii
663 2930 737 2992 ad
768 2933 1038 3013 Lyceum
1079 2933 1301 2994 Poson.
1345 2955 1734 2995 successores
1774 2956 2095 3018 agnoscaS‚
2143 2956 2275 2996 eru-
2372 2985 2374 2987 .

339 3011 647 3075 ditissimis
685 3014 843 3076 notis
892 3021 939 3093 1)
976 3019 1207 3076 Harum
1240 3039 1469 3078 summa
1510 3030 1628 3079 est:
1674 3017 1859 3080 urbes
1897 3018 2274 3102 Hungariae‚

341 3108 401 3158 et
446 3120 595 3181 quae
634 3121 742 3183 per
782 3098 1163 3161 Germaniam
1202 3100 1433 3162 tardius
1476 3102 1874 3178 effloruerant,
1938 3105 2094 3165 Jura
2128 3126 2274 3165 non·
2376 3167 2377 3170 ,

340 3181 501 3243 nulla
541 3182 897 3259 communia,
953 3183 1059 3246 sed
1101 3182 1467 3269 hungaricas
1501 3185 1637 3248 inde
1681 3209 1716 3247 a
1748 3187 2086 3272 primordiis
2140 3187 2269 3248 suis

340 3265 579 3350 propria
612 3267 802 3352 plura,
850 3289 980 3329 eam
1013 3291 1155 3331 vero
1193 3269 1253 3329 in
1292 3268 1384 3331 his
1427 3271 1857 3356 consequendis
1883 3271 2275 3335 conditionem

483 3449 523 3506 ¹)
552 3448 686 3498 Buda
707 3451 983 3501 Varosanak
1011 3451 1233 3516 Torveny
1252 3452 1447 3518 Konyve
1483 3449 1918 3505 1244—1421.
1945 3453 2059 3503 pos.
2093 3449 2271 3504 1845.
