<?xml version="1.0" encoding="UTF-8"?>
<!DOCTYPE html PUBLIC "-//W3C//DTD XHTML 1.0 Transitional//EN"
    "http://www.w3.org/TR/xhtml1/DTD/xhtml1-transitional.dtd">
<html xmlns="http://www.w3.org/1999/xhtml" xml:lang="en" lang="en">
 <head>
  <title>
</title>
<meta http-equiv="Content-Type" content="text/html;charset=utf-8" />
  <meta name='ocr-system' content='tesseract 3.04.00' />
  <meta name='ocr-capabilities' content='ocr_page ocr_carea ocr_par ocr_line ocrx_word'/>
</head>
<body>
  <div class='ocr_page' id='page_1' title='image "./commentariorumad01bart_0058.png"; bbox 0 0 2384 3886; ppageno 0'>
   <div class='ocr_carea' id='block_1_1' title="bbox 368 202 452 257">
    <p class='ocr_par' dir='ltr' id='par_1_1' title="bbox 368 202 452 257">
     <span class='ocr_line' id='line_1_1' title="bbox 368 202 452 257; baseline 0 0"><span class='ocrx_word' id='word_1_1' title='bbox 368 202 452 257; x_wconf 83' lang='lat'>50</span> 
     </span>
    </p>
   </div>
   <div class='ocr_carea' id='block_1_2' title="bbox 1226 436 1428 509">
    <p class='ocr_par' dir='ltr' id='par_1_2' title="bbox 1226 436 1428 509">
     <span class='ocr_line' id='line_1_2' title="bbox 1226 436 1428 509; baseline 0 -16"><span class='ocrx_word' id='word_1_2' title='bbox 1226 436 1268 509; x_wconf 68' lang='lat' dir='ltr'><strong>g</strong></span> <span class='ocrx_word' id='word_1_3' title='bbox 1324 439 1428 494; x_wconf 74' lang='lat'>49.</span> 
     </span>
    </p>
   </div>
   <div class='ocr_carea' id='block_1_3' title="bbox 369 600 2302 750">
    <p class='ocr_par' dir='ltr' id='par_1_3' title="bbox 369 600 2302 750">
     <span class='ocr_line' id='line_1_3' title="bbox 369 600 2302 667; baseline 0.001 -16"><span class='ocrx_word' id='word_1_4' title='bbox 369 603 732 667; x_wconf 81' lang='lat' dir='ltr'>primaevum</span> <span class='ocrx_word' id='word_1_5' title='bbox 764 600 1086 665; x_wconf 86' lang='lat' dir='ltr'>utriusque</span> <span class='ocrx_word' id='word_1_6' title='bbox 1118 600 1495 666; x_wconf 83' lang='lat' dir='ltr'>reipublicae</span> <span class='ocrx_word' id='word_1_7' title='bbox 1527 600 1907 665; x_wconf 86' lang='lat' dir='ltr'>Hungaricae</span> <span class='ocrx_word' id='word_1_8' title='bbox 1937 607 2057 651; x_wconf 84' lang='lat' dir='ltr'>tam</span> <span class='ocrx_word' id='word_1_9' title='bbox 2089 616 2302 653; x_wconf 82' lang='lat' dir='ltr'>sacrae</span> 
     </span>
     <span class='ocr_line' id='line_1_4' title="bbox 966 685 1715 750; baseline 0 -15"><span class='ocrx_word' id='word_1_10' title='bbox 966 701 1136 749; x_wconf 86' lang='lat' dir='ltr'>quam</span> <span class='ocrx_word' id='word_1_11' title='bbox 1167 685 1458 750; x_wconf 81' lang='lat' dir='ltr'><strong>profanae</strong></span> <span class='ocrx_word' id='word_1_12' title='bbox 1492 692 1715 735; x_wconf 88' lang='lat' dir='ltr'>statum</span> 
     </span>
    </p>
   </div>
   <div class='ocr_carea' id='block_1_4' title="bbox 366 844 2384 3541">
    <p class='ocr_par' dir='ltr' id='par_1_4' title="bbox 366 844 2384 3541">
     <span class='ocr_line' id='line_1_5' title="bbox 540 844 2302 933; baseline 0.001 -26"><span class='ocrx_word' id='word_1_13' title='bbox 540 849 809 930; x_wconf 89' lang='lat' dir='ltr'>Magnus</span> <span class='ocrx_word' id='word_1_14' title='bbox 840 846 1154 931; x_wconf 85' lang='lat' dir='ltr'>itaqueex</span> <span class='ocrx_word' id='word_1_15' title='bbox 1189 844 1285 906; x_wconf 91' lang='lat' dir='ltr'>his</span> <span class='ocrx_word' id='word_1_16' title='bbox 1318 846 1391 907; x_wconf 90' lang='lat' dir='ltr'>ad</span> <span class='ocrx_word' id='word_1_17' title='bbox 1425 846 1764 930; x_wconf 88' lang='lat' dir='ltr'>praesentis</span> <span class='ocrx_word' id='word_1_18' title='bbox 1811 867 2044 929; x_wconf 85' lang='lat' dir='ltr'>quoque</span> <span class='ocrx_word' id='word_1_19' title='bbox 2101 847 2302 933; x_wconf 85' lang='lat' dir='ltr'>operis</span> 
     </span>
     <span class='ocr_line' id='line_1_6' title="bbox 368 928 2305 1014; baseline 0.001 -22"><span class='ocrx_word' id='word_1_20' title='bbox 368 930 634 993; x_wconf 87' lang='lat' dir='ltr'>rationes</span> <span class='ocrx_word' id='word_1_21' title='bbox 670 943 998 1014; x_wconf 89' lang='lat' dir='ltr'>proventus</span> <span class='ocrx_word' id='word_1_22' title='bbox 1030 943 1155 1003; x_wconf 85' lang='lat' dir='ltr'>est3</span> <span class='ocrx_word' id='word_1_23' title='bbox 1209 929 1365 1014; x_wconf 91' lang='lat' dir='ltr'>quod</span> <span class='ocrx_word' id='word_1_24' title='bbox 1389 941 1590 991; x_wconf 91' lang='lat' dir='ltr'>tamen</span> <span class='ocrx_word' id='word_1_25' title='bbox 1629 929 1703 991; x_wconf 87' lang='lat' dir='ltr'>ad</span> <span class='ocrx_word' id='word_1_26' title='bbox 1737 928 2149 991; x_wconf 87' lang='lat' dir='ltr'>institutorum</span> <span class='ocrx_word' id='word_1_27' title='bbox 2173 934 2305 994; x_wconf 90' lang='lat' dir='ltr'>Mo-</span> 
     </span>
     <span class='ocr_line' id='line_1_7' title="bbox 367 1011 2304 1099; baseline 0 -23"><span class='ocrx_word' id='word_1_28' title='bbox 367 1013 648 1076; x_wconf 89' lang='lat' dir='ltr'>narchiae</span> <span class='ocrx_word' id='word_1_29' title='bbox 681 1014 1070 1098; x_wconf 88' lang='lat' dir='ltr'>Hungaricae</span> <span class='ocrx_word' id='word_1_30' title='bbox 1102 1012 1450 1099; x_wconf 88' lang='lat' dir='ltr'>primordia:</span> <span class='ocrx_word' id='word_1_31' title='bbox 1507 1035 1651 1073; x_wconf 83' lang='lat' dir='ltr'>vere</span> <span class='ocrx_word' id='word_1_32' title='bbox 1689 1011 1897 1074; x_wconf 89' lang='lat' dir='ltr'>videor</span> <span class='ocrx_word' id='word_1_33' title='bbox 1936 1035 2117 1097; x_wconf 90' lang='lat' dir='ltr'>posse</span> <span class='ocrx_word' id='word_1_34' title='bbox 2166 1037 2304 1077; x_wconf 86' lang='lat' dir='ltr'>con-</span> 
     </span>
     <span class='ocr_line' id='line_1_8' title="bbox 366 1095 2304 1184; baseline 0.001 -24"><span class='ocrx_word' id='word_1_35' title='bbox 366 1098 643 1160; x_wconf 81' lang='lat' dir='ltr'>tendere:</span> <span class='ocrx_word' id='word_1_36' title='bbox 705 1098 1035 1184; x_wconf 82' lang='lat' dir='ltr'>scriptores</span> <span class='ocrx_word' id='word_1_37' title='bbox 1079 1097 1309 1182; x_wconf 88' lang='lat' dir='ltr'>patrios</span> <span class='ocrx_word' id='word_1_38' title='bbox 1350 1095 1411 1155; x_wconf 91' lang='lat' dir='ltr'>in</span> <span class='ocrx_word' id='word_1_39' title='bbox 1451 1095 1961 1179; x_wconf 90' lang='lat' dir='ltr'>repraesentanda</span> <span class='ocrx_word' id='word_1_40' title='bbox 2000 1097 2304 1181; x_wconf 86' lang='lat' dir='ltr'>primaeva</span> 
     </span>
     <span class='ocr_line' id='line_1_9' title="bbox 367 1177 2306 1267; baseline 0.001 -24"><span class='ocrx_word' id='word_1_41' title='bbox 367 1181 549 1266; x_wconf 89' lang='lat' dir='ltr'>hujus</span> <span class='ocrx_word' id='word_1_42' title='bbox 583 1180 846 1264; x_wconf 82' lang='lat' dir='ltr'>imagine</span> <span class='ocrx_word' id='word_1_43' title='bbox 879 1204 983 1242; x_wconf 89' lang='lat' dir='ltr'>eos</span> <span class='ocrx_word' id='word_1_44' title='bbox 1013 1179 1267 1240; x_wconf 87' lang='lat' dir='ltr'>maximo</span> <span class='ocrx_word' id='word_1_45' title='bbox 1315 1200 1448 1239; x_wconf 92' lang='lat' dir='ltr'>cum</span> <span class='ocrx_word' id='word_1_46' title='bbox 1484 1177 1686 1241; x_wconf 87' lang='lat' dir='ltr'>fructu</span> <span class='ocrx_word' id='word_1_47' title='bbox 1747 1179 2175 1260; x_wconf 63' lang='lat' dir='ltr'>elaboravisse,</span> <span class='ocrx_word' id='word_1_48' title='bbox 2204 1181 2306 1267; x_wconf 89' lang='lat' dir='ltr'>qui</span> 
     </span>
     <span class='ocr_line' id='line_1_10' title="bbox 366 1261 2304 1349; baseline 0.001 -22"><span class='ocrx_word' id='word_1_49' title='bbox 366 1265 538 1327; x_wconf 88' lang='lat' dir='ltr'>Petri</span> <span class='ocrx_word' id='word_1_50' title='bbox 566 1265 637 1326; x_wconf 90' lang='lat' dir='ltr'>de</span> <span class='ocrx_word' id='word_1_51' title='bbox 665 1266 832 1325; x_wconf 77' lang='lat' dir='ltr'>Reva</span> <span class='ocrx_word' id='word_1_52' title='bbox 858 1262 1157 1349; x_wconf 82' lang='lat' dir='ltr'>expergiti</span> <span class='ocrx_word' id='word_1_53' title='bbox 1179 1261 1424 1338; x_wconf 84' lang='lat' dir='ltr'>monitO,</span> <span class='ocrx_word' id='word_1_54' title='bbox 1456 1262 1799 1347; x_wconf 89' lang='lat' dir='ltr'>Diplomata</span> <span class='ocrx_word' id='word_1_55' title='bbox 1821 1262 2148 1327; x_wconf 87' lang='lat' dir='ltr'>domestica</span> <span class='ocrx_word' id='word_1_56' title='bbox 2170 1289 2304 1328; x_wconf 91' lang='lat' dir='ltr'>cum</span> 
     </span>
     <span class='ocr_line' id='line_1_11' title="bbox 367 1346 2306 1433; baseline 0.001 -23"><span class='ocrx_word' id='word_1_57' title='bbox 367 1346 816 1433; x_wconf 69' lang='lat' dir='ltr'>capitularibus</span> <span class='ocrx_word' id='word_1_58' title='bbox 860 1351 1097 1433; x_wconf 81' lang='lat' dir='ltr'>Regum</span> <span class='ocrx_word' id='word_1_59' title='bbox 1120 1350 1493 1409; x_wconf 83' lang='lat' dir='ltr'>Francorum</span> <span class='ocrx_word' id='word_1_60' title='bbox 1523 1347 1921 1412; x_wconf 87' lang='lat' dir='ltr'>contulerunt.</span> <span class='ocrx_word' id='word_1_61' title='bbox 1968 1349 2138 1423; x_wconf 85' lang='lat' dir='ltr'>Quod</span> <span class='ocrx_word' id='word_1_62' title='bbox 2167 1350 2306 1414; x_wconf 88' lang='lat' dir='ltr'>dum</span> 
     </span>
     <span class='ocr_line' id='line_1_12' title="bbox 368 1431 2303 1519; baseline 0.001 -25"><span class='ocrx_word' id='word_1_63' title='bbox 368 1431 648 1516; x_wconf 89' lang='lat' dir='ltr'>Ignatius</span> <span class='ocrx_word' id='word_1_64' title='bbox 675 1433 892 1493; x_wconf 85' lang='lat' dir='ltr'>Comes</span> <span class='ocrx_word' id='word_1_65' title='bbox 917 1431 989 1494; x_wconf 92' lang='lat' dir='ltr'>de</span> <span class='ocrx_word' id='word_1_66' title='bbox 1022 1431 1332 1516; x_wconf 80' lang='lat' dir='ltr'>Batthyan</span> <span class='ocrx_word' id='word_1_67' title='bbox 1367 1431 1537 1507; x_wconf 86' lang='lat' dir='ltr'>facit,</span> <span class='ocrx_word' id='word_1_68' title='bbox 1583 1432 1742 1495; x_wconf 91' lang='lat' dir='ltr'>omni</span> <span class='ocrx_word' id='word_1_69' title='bbox 1773 1434 1901 1516; x_wconf 83' lang='lat' dir='ltr'>jam</span> <span class='ocrx_word' id='word_1_70' title='bbox 1943 1445 2002 1495; x_wconf 91' lang='lat' dir='ltr'>et</span> <span class='ocrx_word' id='word_1_71' title='bbox 2042 1432 2171 1519; x_wconf 89' lang='lat' dir='ltr'>ipse</span> <span class='ocrx_word' id='word_1_72' title='bbox 2203 1433 2303 1496; x_wconf 86' lang='lat' dir='ltr'>ad·-</span> 
     </span>
     <span class='ocr_line' id='line_1_13' title="bbox 371 1515 2304 1604; baseline 0.002 -28"><span class='ocrx_word' id='word_1_73' title='bbox 371 1515 746 1578; x_wconf 89' lang='lat' dir='ltr'>severatione</span> <span class='ocrx_word' id='word_1_74' title='bbox 783 1515 1074 1592; x_wconf 86' lang='lat' dir='ltr'>adfirmat,</span> <span class='ocrx_word' id='word_1_75' title='bbox 1116 1539 1235 1578; x_wconf 92' lang='lat' dir='ltr'>non</span> <span class='ocrx_word' id='word_1_76' title='bbox 1273 1538 1448 1578; x_wconf 89' lang='lat' dir='ltr'>ovum</span> <span class='ocrx_word' id='word_1_77' title='bbox 1494 1538 1631 1578; x_wconf 90' lang='lat' dir='ltr'>esse</span> <span class='ocrx_word' id='word_1_78' title='bbox 1661 1540 1773 1579; x_wconf 91' lang='lat' dir='ltr'>ovo</span> <span class='ocrx_word' id='word_1_79' title='bbox 1805 1515 2079 1593; x_wconf 89' lang='lat' dir='ltr'>similius,</span> <span class='ocrx_word' id='word_1_80' title='bbox 2127 1541 2304 1604; x_wconf 84' lang='lat' dir='ltr'>quam</span> 
     </span>
     <span class='ocr_line' id='line_1_14' title="bbox 368 1601 2304 1685; baseline 0.003 -25"><span class='ocrx_word' id='word_1_81' title='bbox 368 1601 592 1685; x_wconf 88' lang='lat' dir='ltr'>primas</span> <span class='ocrx_word' id='word_1_82' title='bbox 655 1603 1087 1684; x_wconf 90' lang='lat' dir='ltr'>Hungarorum</span> <span class='ocrx_word' id='word_1_83' title='bbox 1145 1604 1635 1685; x_wconf 90' lang='lat' dir='ltr'>Francorumque</span> <span class='ocrx_word' id='word_1_84' title='bbox 1687 1601 1878 1685; x_wconf 90' lang='lat' dir='ltr'>leges.</span> <span class='ocrx_word' id='word_1_85' title='bbox 1959 1601 2127 1663; x_wconf 84' lang='lat' dir='ltr'>Idem</span> <span class='ocrx_word' id='word_1_86' title='bbox 2189 1601 2304 1665; x_wconf 91' lang='lat' dir='ltr'>hoc</span> 
     </span>
     <span class='ocr_line' id='line_1_15' title="bbox 368 1683 2303 1770; baseline 0.002 -25"><span class='ocrx_word' id='word_1_87' title='bbox 368 1683 684 1746; x_wconf 80' lang='lat' dir='ltr'>Kollarius</span> <span class='ocrx_word' id='word_1_88' title='bbox 743 1684 937 1760; x_wconf 88' lang='lat' dir='ltr'>videt,</span> <span class='ocrx_word' id='word_1_89' title='bbox 985 1685 1079 1746; x_wconf 91' lang='lat' dir='ltr'>cui</span> <span class='ocrx_word' id='word_1_90' title='bbox 1125 1707 1242 1770; x_wconf 88' lang='lat' dir='ltr'>qua</span> <span class='ocrx_word' id='word_1_91' title='bbox 1283 1697 1548 1746; x_wconf 85' lang='lat' dir='ltr'>veterem</span> <span class='ocrx_word' id='word_1_92' title='bbox 1590 1683 1997 1747; x_wconf 88' lang='lat' dir='ltr'>habendorum</span> <span class='ocrx_word' id='word_1_93' title='bbox 2034 1684 2097 1746; x_wconf 90' lang='lat' dir='ltr'>in</span> <span class='ocrx_word' id='word_1_94' title='bbox 2132 1689 2303 1748; x_wconf 91' lang='lat' dir='ltr'>Hun-</span> 
     </span>
     <span class='ocr_line' id='line_1_16' title="bbox 370 1767 2303 1857; baseline 0.003 -29"><span class='ocrx_word' id='word_1_95' title='bbox 370 1768 543 1852; x_wconf 89' lang='lat' dir='ltr'>garia</span> <span class='ocrx_word' id='word_1_96' title='bbox 573 1767 965 1830; x_wconf 88' lang='lat' dir='ltr'>Comitiorum</span> <span class='ocrx_word' id='word_1_97' title='bbox 995 1769 1231 1831; x_wconf 90' lang='lat' dir='ltr'>modum</span> <span class='ocrx_word' id='word_1_98' title='bbox 1271 1792 1345 1830; x_wconf 87' lang='lat' dir='ltr'>ex</span> <span class='ocrx_word' id='word_1_99' title='bbox 1374 1768 1668 1831; x_wconf 87' lang='lat' dir='ltr'>institutis</span> <span class='ocrx_word' id='word_1_100' title='bbox 1710 1772 2082 1832; x_wconf 83' lang='lat' dir='ltr'>Francorum</span> <span class='ocrx_word' id='word_1_101' title='bbox 2125 1769 2303 1857; x_wconf 91' lang='lat' dir='ltr'>adop-</span> 
     </span>
     <span class='ocr_line' id='line_1_17' title="bbox 368 1850 2303 1938; baseline 0.002 -25"><span class='ocrx_word' id='word_1_102' title='bbox 368 1864 559 1914; x_wconf 85' lang='lat' dir='ltr'>tatum</span> <span class='ocrx_word' id='word_1_103' title='bbox 611 1850 916 1938; x_wconf 86' lang='lat' dir='ltr'>perhibet,</span> <span class='ocrx_word' id='word_1_104' title='bbox 986 1851 1081 1914; x_wconf 91' lang='lat' dir='ltr'>his</span> <span class='ocrx_word' id='word_1_105' title='bbox 1126 1853 1359 1916; x_wconf 89' lang='lat' dir='ltr'>ratione</span> <span class='ocrx_word' id='word_1_106' title='bbox 1421 1853 1734 1937; x_wconf 89' lang='lat' dir='ltr'>animoque</span> <span class='ocrx_word' id='word_1_107' title='bbox 1791 1853 2095 1930; x_wconf 80' lang='lat' dir='ltr'>lustratiS,</span> <span class='ocrx_word' id='word_1_108' title='bbox 2165 1853 2303 1916; x_wconf 88' lang='lat' dir='ltr'>hac-</span> 
     </span>
     <span class='ocr_line' id='line_1_18' title="bbox 373 1935 2311 2024; baseline 0.002 -28"><span class='ocrx_word' id='word_1_109' title='bbox 373 1948 550 1997; x_wconf 91' lang='lat' dir='ltr'>tenus</span> <span class='ocrx_word' id='word_1_110' title='bbox 597 1948 655 1997; x_wconf 93' lang='lat' dir='ltr'>et</span> <span class='ocrx_word' id='word_1_111' title='bbox 709 1935 840 2021; x_wconf 91' lang='lat' dir='ltr'>ipse</span> <span class='ocrx_word' id='word_1_112' title='bbox 889 1937 1217 2013; x_wconf 88' lang='lat' dir='ltr'>assentior,</span> <span class='ocrx_word' id='word_1_113' title='bbox 1264 1959 1457 2021; x_wconf 91' lang='lat' dir='ltr'>neque</span> <span class='ocrx_word' id='word_1_114' title='bbox 1494 1937 1696 1998; x_wconf 91' lang='lat' dir='ltr'>mirari</span> <span class='ocrx_word' id='word_1_115' title='bbox 1721 1936 1874 1998; x_wconf 89' lang='lat' dir='ltr'>satis</span> <span class='ocrx_word' id='word_1_116' title='bbox 1897 1960 2165 2023; x_wconf 90' lang='lat' dir='ltr'>possum,</span> <span class='ocrx_word' id='word_1_117' title='bbox 2211 1938 2311 2024; x_wconf 90' lang='lat' dir='ltr'>qui</span> 
     </span>
     <span class='ocr_line' id='line_1_19' title="bbox 373 2017 2307 2106; baseline 0.003 -26"><span class='ocrx_word' id='word_1_118' title='bbox 373 2019 636 2081; x_wconf 91' lang='lat' dir='ltr'>studium</span> <span class='ocrx_word' id='word_1_119' title='bbox 680 2017 793 2082; x_wconf 87' lang='lat' dir='ltr'>hoc</span> <span class='ocrx_word' id='word_1_120' title='bbox 827 2020 981 2083; x_wconf 90' lang='lat' dir='ltr'>scita</span> <span class='ocrx_word' id='word_1_121' title='bbox 1013 2020 1345 2106; x_wconf 90' lang='lat' dir='ltr'>hungarica</span> <span class='ocrx_word' id='word_1_122' title='bbox 1390 2043 1523 2082; x_wconf 91' lang='lat' dir='ltr'>cum</span> <span class='ocrx_word' id='word_1_123' title='bbox 1567 2020 1687 2082; x_wconf 86' lang='lat' dir='ltr'>illis</span> <span class='ocrx_word' id='word_1_124' title='bbox 1729 2024 2101 2084; x_wconf 86' lang='lat' dir='ltr'>Francorum</span> <span class='ocrx_word' id='word_1_125' title='bbox 2152 2045 2307 2085; x_wconf 88' lang='lat' dir='ltr'>com-</span> 
     </span>
     <span class='ocr_line' id='line_1_20' title="bbox 372 2103 2309 2189; baseline 0.002 -25"><span class='ocrx_word' id='word_1_126' title='bbox 372 2103 652 2189; x_wconf 88' lang='lat' dir='ltr'>parandi,</span> <span class='ocrx_word' id='word_1_127' title='bbox 717 2116 839 2164; x_wconf 89' lang='lat' dir='ltr'>tam</span> <span class='ocrx_word' id='word_1_128' title='bbox 888 2104 1033 2166; x_wconf 90' lang='lat' dir='ltr'>utile</span> <span class='ocrx_word' id='word_1_129' title='bbox 1081 2117 1139 2167; x_wconf 91' lang='lat' dir='ltr'>et</span> <span class='ocrx_word' id='word_1_130' title='bbox 1190 2104 1377 2167; x_wconf 83' lang='lat' dir='ltr'>tantis</span> <span class='ocrx_word' id='word_1_131' title='bbox 1414 2105 1887 2168; x_wconf 88' lang='lat' dir='ltr'>commendatum</span> <span class='ocrx_word' id='word_1_132' title='bbox 1926 2105 2309 2184; x_wconf 88' lang='lat' dir='ltr'>testimoniis,</span> 
     </span>
     <span class='ocr_line' id='line_1_21' title="bbox 372 2186 2309 2276; baseline 0.003 -28"><span class='ocrx_word' id='word_1_133' title='bbox 372 2186 525 2273; x_wconf 90' lang='lat' dir='ltr'>apud</span> <span class='ocrx_word' id='word_1_134' title='bbox 567 2199 812 2250; x_wconf 87' lang='lat' dir='ltr'>nostros</span> <span class='ocrx_word' id='word_1_135' title='bbox 860 2188 1194 2265; x_wconf 85' lang='lat' dir='ltr'>refrixerit,</span> <span class='ocrx_word' id='word_1_136' title='bbox 1248 2187 1481 2273; x_wconf 88' lang='lat' dir='ltr'>hocque</span> <span class='ocrx_word' id='word_1_137' title='bbox 1519 2211 1594 2251; x_wconf 85' lang='lat' dir='ltr'>ex</span> <span class='ocrx_word' id='word_1_138' title='bbox 1632 2213 1702 2252; x_wconf 93' lang='lat' dir='ltr'>eo</span> <span class='ocrx_word' id='word_1_139' title='bbox 1731 2188 1986 2252; x_wconf 85' lang='lat' dir='ltr'>maxime</span> <span class='ocrx_word' id='word_1_140' title='bbox 2019 2202 2309 2276; x_wconf 90' lang='lat' dir='ltr'>tempore,</span> 
     </span>
     <span class='ocr_line' id='line_1_22' title="bbox 373 2271 2314 2359; baseline 0.003 -26"><span class='ocrx_word' id='word_1_141' title='bbox 373 2295 489 2356; x_wconf 91' lang='lat' dir='ltr'>quo</span> <span class='ocrx_word' id='word_1_142' title='bbox 516 2271 808 2334; x_wconf 88' lang='lat' dir='ltr'>neminem</span> <span class='ocrx_word' id='word_1_143' title='bbox 835 2273 1002 2350; x_wconf 89' lang='lat' dir='ltr'>latet,</span> <span class='ocrx_word' id='word_1_144' title='bbox 1028 2272 1192 2334; x_wconf 91' lang='lat' dir='ltr'>illum</span> <span class='ocrx_word' id='word_1_145' title='bbox 1221 2272 1282 2334; x_wconf 91' lang='lat' dir='ltr'>in</span> <span class='ocrx_word' id='word_1_146' title='bbox 1302 2273 1748 2359; x_wconf 83' lang='lat' dir='ltr'>Capitularibus</span> <span class='ocrx_word' id='word_1_147' title='bbox 1774 2277 2014 2359; x_wconf 85' lang='lat' dir='ltr'>Regum</span> <span class='ocrx_word' id='word_1_148' title='bbox 2045 2276 2314 2349; x_wconf 61' lang='lat' dir='ltr'>Franco—v</span> 
     </span>
     <span class='ocr_line' id='line_1_23' title="bbox 372 2356 2373 2445; baseline 0 -28"><span class='ocrx_word' id='word_1_149' title='bbox 372 2378 505 2417; x_wconf 90' lang='lat' dir='ltr'>rum</span> <span class='ocrx_word' id='word_1_150' title='bbox 555 2357 887 2440; x_wconf 90' lang='lat' dir='ltr'>repositum</span> <span class='ocrx_word' id='word_1_151' title='bbox 931 2357 1123 2420; x_wconf 89' lang='lat' dir='ltr'>omnis</span> <span class='ocrx_word' id='word_1_152' title='bbox 1155 2380 1355 2420; x_wconf 88' lang='lat' dir='ltr'>rerum</span> <span class='ocrx_word' id='word_1_153' title='bbox 1410 2357 1761 2434; x_wconf 88' lang='lat' dir='ltr'>divinarum,</span> <span class='ocrx_word' id='word_1_154' title='bbox 1800 2356 2310 2445; x_wconf 83' lang='lat' dir='ltr'>humanarumque</span> <span class='ocrx_word' id='word_1_155' title='bbox 2366 2412 2373 2418; x_wconf 91' lang='lat'>.</span> 
     </span>
     <span class='ocr_line' id='line_1_24' title="bbox 375 2439 2311 2530; baseline 0.003 -29"><span class='ocrx_word' id='word_1_156' title='bbox 375 2439 662 2502; x_wconf 90' lang='lat' dir='ltr'>scientiae</span> <span class='ocrx_word' id='word_1_157' title='bbox 698 2440 829 2503; x_wconf 84' lang='lat' dir='ltr'>aevi</span> <span class='ocrx_word' id='word_1_158' title='bbox 866 2440 1201 2503; x_wconf 86' lang='lat' dir='ltr'>intermedii</span> <span class='ocrx_word' id='word_1_159' title='bbox 1233 2442 1455 2505; x_wconf 86' lang='lat' dir='ltr'>sontem</span> <span class='ocrx_word' id='word_1_160' title='bbox 1505 2442 1639 2505; x_wconf 89' lang='lat' dir='ltr'>divo</span> <span class='ocrx_word' id='word_1_161' title='bbox 1683 2441 1993 2528; x_wconf 85' lang='lat' dir='ltr'>Stephano</span> <span class='ocrx_word' id='word_1_162' title='bbox 2044 2443 2311 2530; x_wconf 90' lang='lat' dir='ltr'>apprime</span> 
     </span>
     <span class='ocr_line' id='line_1_25' title="bbox 374 2523 2312 2612; baseline 0.003 -28"><span class='ocrx_word' id='word_1_163' title='bbox 374 2524 709 2608; x_wconf 86' lang='lat' dir='ltr'>cognitum3</span> <span class='ocrx_word' id='word_1_164' title='bbox 767 2523 1010 2588; x_wconf 91' lang='lat' dir='ltr'>scholas</span> <span class='ocrx_word' id='word_1_165' title='bbox 1055 2525 1395 2588; x_wconf 90' lang='lat' dir='ltr'>Parisinam</span> <span class='ocrx_word' id='word_1_166' title='bbox 1434 2540 1495 2589; x_wconf 93' lang='lat' dir='ltr'>et</span> <span class='ocrx_word' id='word_1_167' title='bbox 1544 2527 1988 2590; x_wconf 91' lang='lat' dir='ltr'>Bononiensem</span> <span class='ocrx_word' id='word_1_168' title='bbox 2016 2530 2147 2612; x_wconf 88' lang='lat' dir='ltr'>jam</span> <span class='ocrx_word' id='word_1_169' title='bbox 2190 2550 2312 2590; x_wconf 87' lang='lat' dir='ltr'>sec.</span> 
     </span>
     <span class='ocr_line' id='line_1_26' title="bbox 371 2607 2311 2697; baseline 0.003 -29"><span class='ocrx_word' id='word_1_170' title='bbox 371 2610 515 2669; x_wconf 86' lang='grc' dir='ltr'>ΧΠ.</span> <span class='ocrx_word' id='word_1_171' title='bbox 552 2607 965 2692; x_wconf 88' lang='lat' dir='ltr'>frequentatas</span> <span class='ocrx_word' id='word_1_172' title='bbox 1003 2610 1348 2695; x_wconf 87' lang='lat' dir='ltr'>Hungaris;</span> <span class='ocrx_word' id='word_1_173' title='bbox 1398 2610 1661 2674; x_wconf 88' lang='lat' dir='ltr'>studium</span> <span class='ocrx_word' id='word_1_174' title='bbox 1699 2611 1952 2696; x_wconf 91' lang='lat' dir='ltr'>denique</span> <span class='ocrx_word' id='word_1_175' title='bbox 1982 2610 2311 2697; x_wconf 88' lang='lat' dir='ltr'>juridicum</span> 
     </span>
     <span class='ocr_line' id='line_1_27' title="bbox 373 2692 2311 2777; baseline 0.003 -25"><span class='ocrx_word' id='word_1_176' title='bbox 373 2692 742 2777; x_wconf 88' lang='lat' dir='ltr'>Veszprimii</span> <span class='ocrx_word' id='word_1_177' title='bbox 799 2693 872 2756; x_wconf 91' lang='lat' dir='ltr'>ad</span> <span class='ocrx_word' id='word_1_178' title='bbox 923 2693 1368 2757; x_wconf 90' lang='lat' dir='ltr'>similitudinem</span> <span class='ocrx_word' id='word_1_179' title='bbox 1391 2694 1655 2757; x_wconf 87' lang='lat' dir='ltr'>Parisini</span> <span class='ocrx_word' id='word_1_180' title='bbox 1688 2694 2019 2772; x_wconf 87' lang='lat' dir='ltr'>conditum,</span> <span class='ocrx_word' id='word_1_181' title='bbox 2063 2695 2311 2758; x_wconf 87' lang='lat' dir='ltr'>inclina-</span> 
     </span>
     <span class='ocr_line' id='line_1_28' title="bbox 372 2774 2313 2865; baseline 0.004 -29"><span class='ocrx_word' id='word_1_182' title='bbox 372 2774 571 2859; x_wconf 89' lang='lat' dir='ltr'>tisque</span> <span class='ocrx_word' id='word_1_183' title='bbox 599 2776 784 2838; x_wconf 88' lang='lat' dir='ltr'>rebus</span> <span class='ocrx_word' id='word_1_184' title='bbox 821 2780 951 2861; x_wconf 88' lang='lat' dir='ltr'>ejus</span> <span class='ocrx_word' id='word_1_185' title='bbox 969 2826 984 2855; x_wconf 90' lang='lat'>,</span> <span class='ocrx_word' id='word_1_186' title='bbox 1030 2802 1140 2865; x_wconf 91' lang='lat' dir='ltr'>per</span> <span class='ocrx_word' id='word_1_187' title='bbox 1169 2777 1523 2842; x_wconf 82' lang='lat' dir='ltr'>Ladislaum</span> <span class='ocrx_word' id='word_1_188' title='bbox 1555 2784 1668 2842; x_wconf 91' lang='lat' dir='ltr'>lV.</span> <span class='ocrx_word' id='word_1_189' title='bbox 1695 2787 1790 2859; x_wconf 89' lang='lat' dir='ltr'>(ut</span> <span class='ocrx_word' id='word_1_190' title='bbox 1811 2779 2089 2842; x_wconf 87' lang='lat' dir='ltr'>eximium</span> <span class='ocrx_word' id='word_1_191' title='bbox 2119 2781 2313 2865; x_wconf 89' lang='lat' dir='ltr'>Regis</span> 
     </span>
     <span class='ocr_line' id='line_1_29' title="bbox 374 2858 2311 2948; baseline 0.004 -29"><span class='ocrx_word' id='word_1_192' title='bbox 374 2858 530 2919; x_wconf 85' lang='lat' dir='ltr'>fama</span> <span class='ocrx_word' id='word_1_193' title='bbox 565 2881 676 2921; x_wconf 90' lang='lat' dir='ltr'>sua</span> <span class='ocrx_word' id='word_1_194' title='bbox 704 2862 948 2945; x_wconf 88' lang='lat' dir='ltr'>majoris</span> <span class='ocrx_word' id='word_1_195' title='bbox 972 2863 1412 2925; x_wconf 85' lang='lat' dir='ltr'>munificentiae</span> <span class='ocrx_word' id='word_1_196' title='bbox 1446 2886 1643 2948; x_wconf 89' lang='lat' dir='ltr'>genus</span> <span class='ocrx_word' id='word_1_197' title='bbox 1675 2863 1980 2943; x_wconf 88' lang='lat' dir='ltr'>attendas)</span> <span class='ocrx_word' id='word_1_198' title='bbox 2014 2863 2311 2927; x_wconf 82' lang='lat' dir='ltr'>instaura-</span> 
     </span>
     <span class='ocr_line' id='line_1_30' title="bbox 374 2943 2312 3033; baseline 0.004 -29"><span class='ocrx_word' id='word_1_199' title='bbox 374 2956 531 3018; x_wconf 87' lang='lat' dir='ltr'>tum,</span> <span class='ocrx_word' id='word_1_200' title='bbox 578 2943 1120 3031; x_wconf 88' lang='lat' dir='ltr'>locupletatumque</span> <span class='ocrx_word' id='word_1_201' title='bbox 1155 2945 1384 3013; x_wconf 81' lang='lat' dir='ltr'>fuisse..</span> <span class='ocrx_word' id='word_1_202' title='bbox 1418 2951 1631 3033; x_wconf 84' lang='lat' dir='ltr'>ltaque</span> <span class='ocrx_word' id='word_1_203' title='bbox 1671 2947 1893 3010; x_wconf 88' lang='lat' dir='ltr'>multos</span> <span class='ocrx_word' id='word_1_204' title='bbox 1934 2947 2113 3010; x_wconf 90' lang='lat' dir='ltr'>etiam</span> <span class='ocrx_word' id='word_1_205' title='bbox 2153 2971 2312 3011; x_wconf 88' lang='lat' dir='ltr'>nunc</span> 
     </span>
     <span class='ocr_line' id='line_1_31' title="bbox 374 3027 2309 3118; baseline 0.005 -31"><span class='ocrx_word' id='word_1_206' title='bbox 374 3027 599 3089; x_wconf 90' lang='lat' dir='ltr'>monita</span> <span class='ocrx_word' id='word_1_207' title='bbox 648 3027 700 3089; x_wconf 91' lang='lat' dir='ltr'>d.</span> <span class='ocrx_word' id='word_1_208' title='bbox 749 3029 1108 3115; x_wconf 87' lang='lat' dir='ltr'>Protoregis</span> <span class='ocrx_word' id='word_1_209' title='bbox 1157 3030 1231 3092; x_wconf 91' lang='lat' dir='ltr'>ad</span> <span class='ocrx_word' id='word_1_210' title='bbox 1266 3031 1451 3093; x_wconf 87' lang='lat' dir='ltr'>filium</span> <span class='ocrx_word' id='word_1_211' title='bbox 1480 3032 1541 3093; x_wconf 92' lang='lat' dir='ltr'>in</span> <span class='ocrx_word' id='word_1_212' title='bbox 1569 3031 1967 3118; x_wconf 85' lang='lat' dir='ltr'>scriptoribus</span> <span class='ocrx_word' id='word_1_213' title='bbox 2017 3034 2309 3117; x_wconf 84' lang='lat' dir='ltr'>Byzanti-</span> 
     </span>
     <span class='ocr_line' id='line_1_32' title="bbox 374 3110 2311 3202; baseline 0.004 -30"><span class='ocrx_word' id='word_1_214' title='bbox 374 3110 470 3172; x_wconf 90' lang='lat' dir='ltr'>nis</span> <span class='ocrx_word' id='word_1_215' title='bbox 505 3134 825 3197; x_wconf 84' lang='lat' dir='ltr'>quaerere,</span> <span class='ocrx_word' id='word_1_216' title='bbox 871 3115 1022 3177; x_wconf 91' lang='lat' dir='ltr'>alios</span> <span class='ocrx_word' id='word_1_217' title='bbox 1053 3115 1306 3201; x_wconf 89' lang='lat' dir='ltr'>primum</span> <span class='ocrx_word' id='word_1_218' title='bbox 1333 3119 1422 3180; x_wconf 89' lang='lat' dir='ltr'>Re</span> <span class='ocrx_word' id='word_1_219' title='bbox 1473 3116 1532 3177; x_wconf 91' lang='lat' dir='ltr'>ni</span> <span class='ocrx_word' id='word_1_220' title='bbox 1562 3117 1998 3202; x_wconf 88' lang='lat' dir='ltr'>Magistratum</span> <span class='ocrx_word' id='word_1_221' title='bbox 2021 3117 2311 3197; x_wconf 82' lang='lat' dir='ltr'>(Palatini</span> 
     </span>
     <span class='ocr_line' id='line_1_33' title="bbox 374 3139 2311 3288; baseline 0.004 -32"><span class='ocrx_word' id='word_1_222' title='bbox 374 3202 620 3275; x_wconf 84' lang='lat' dir='ltr'>munus)</span> <span class='ocrx_word' id='word_1_223' title='bbox 650 3219 760 3282; x_wconf 90' lang='lat' dir='ltr'>pro</span> <span class='ocrx_word' id='word_1_224' title='bbox 795 3199 998 3262; x_wconf 89' lang='lat' dir='ltr'>nescio</span> <span class='ocrx_word' id='word_1_225' title='bbox 1032 3222 1148 3285; x_wconf 91' lang='lat' dir='ltr'>quo</span> <span class='ocrx_word' id='word_1_226' title='bbox 1191 3139 1574 3287; x_wconf 40' lang='lat' dir='ltr'>Curopoiatis</span> <span class='ocrx_word' id='word_1_227' title='bbox 1614 3200 1771 3288; x_wconf 89' lang='lat' dir='ltr'>apud</span> <span class='ocrx_word' id='word_1_228' title='bbox 1810 3205 2082 3266; x_wconf 81' lang='lat' dir='ltr'>Graecos</span> <span class='ocrx_word' id='word_1_229' title='bbox 2125 3201 2311 3264; x_wconf 82' lang='lat' dir='ltr'>simu-</span> 
     </span>
     <span class='ocr_line' id='line_1_34' title="bbox 375 3280 2384 3374; baseline 0.005 -34"><span class='ocrx_word' id='word_1_230' title='bbox 375 3281 535 3343; x_wconf 84' lang='lat' dir='ltr'>lacro</span> <span class='ocrx_word' id='word_1_231' title='bbox 594 3280 819 3347; x_wconf 89' lang='lat' dir='ltr'>habere</span> <span class='ocrx_word' id='word_1_232' title='bbox 865 3284 1155 3370; x_wconf 87' lang='lat' dir='ltr'>patimur,</span> <span class='ocrx_word' id='word_1_233' title='bbox 1204 3297 1265 3347; x_wconf 90' lang='lat' dir='ltr'>et</span> <span class='ocrx_word' id='word_1_234' title='bbox 1302 3308 1417 3371; x_wconf 89' lang='lat' dir='ltr'>qua</span> <span class='ocrx_word' id='word_1_235' title='bbox 1448 3286 1622 3372; x_wconf 89' lang='lat' dir='ltr'>leges</span> <span class='ocrx_word' id='word_1_236' title='bbox 1659 3289 1724 3349; x_wconf 82' lang='lat' dir='ltr'>S.</span> <span class='ocrx_word' id='word_1_237' title='bbox 1763 3285 2060 3374; x_wconf 83' lang='lat' dir='ltr'>Stephani</span> <span class='ocrx_word' id='word_1_238' title='bbox 2100 3285 2311 3373; x_wconf 85' lang='lat' dir='ltr'>Diplo-</span> <span class='ocrx_word' id='word_1_239' title='bbox 2376 3355 2384 3361; x_wconf 59' lang='grc'><em>,</em></span> 
     </span>
     <span class='ocr_line' id='line_1_35' title="bbox 375 3365 2310 3458; baseline 0.005 -34"><span class='ocrx_word' id='word_1_240' title='bbox 375 3365 633 3428; x_wconf 89' lang='lat' dir='ltr'>matibus</span> <span class='ocrx_word' id='word_1_241' title='bbox 674 3367 1029 3451; x_wconf 88' lang='lat' dir='ltr'>quibusdam</span> <span class='ocrx_word' id='word_1_242' title='bbox 1058 3368 1351 3432; x_wconf 88' lang='lat' dir='ltr'>indicatae</span> <span class='ocrx_word' id='word_1_243' title='bbox 1392 3369 1710 3448; x_wconf 86' lang='lat' dir='ltr'>deficiunt,</span> <span class='ocrx_word' id='word_1_244' title='bbox 1755 3370 2034 3458; x_wconf 88' lang='lat' dir='ltr'>injuriam</span> <span class='ocrx_word' id='word_1_245' title='bbox 2082 3382 2310 3458; x_wconf 89' lang='lat' dir='ltr'>tempo-</span> 
     </span>
     <span class='ocr_line' id='line_1_36' title="bbox 373 3454 2371 3541; baseline 0.006 -34"><span class='ocrx_word' id='word_1_246' title='bbox 373 3471 524 3523; x_wconf 87' lang='lat' dir='ltr'>rum,</span> <span class='ocrx_word' id='word_1_247' title='bbox 572 3473 688 3512; x_wconf 89' lang='lat' dir='ltr'>non</span> <span class='ocrx_word' id='word_1_248' title='bbox 730 3465 998 3516; x_wconf 86' lang='lat' dir='ltr'>nostram</span> <span class='ocrx_word' id='word_1_249' title='bbox 1036 3477 1270 3540; x_wconf 90' lang='lat' dir='ltr'>quoque</span> <span class='ocrx_word' id='word_1_250' title='bbox 1303 3454 1439 3517; x_wconf 89' lang='lat' dir='ltr'>illas</span> <span class='ocrx_word' id='word_1_251' title='bbox 1476 3455 1633 3519; x_wconf 82' lang='lat' dir='ltr'>inter</span> <span class='ocrx_word' id='word_1_252' title='bbox 1669 3455 1823 3520; x_wconf 87' lang='lat' dir='ltr'>scita</span> <span class='ocrx_word' id='word_1_253' title='bbox 1862 3459 2308 3541; x_wconf 86' lang='lat' dir='ltr'>Augustorum,</span> <span class='ocrx_word' id='word_1_254' title='bbox 2364 3527 2371 3531; x_wconf 10' lang='grc' dir='ltr'>ἱ</span> 
     </span>
    </p>
   </div>
  </div>
 </body>
</html>
