2384 3886
449 205 576 263 206

438 348 566 430 jam
597 364 697 405 res
731 353 896 404 esset
927 339 1159 404 abunde
1187 354 1485 430 comperta
1516 366 1654 406 usu:
1700 342 1994 429 obtigisse
2019 345 2154 410 huic
2179 349 2354 411 Prin-

449 427 662 515 cipem,
709 427 802 488 cui
829 438 1054 490 certum
1090 427 1192 490 sit:
1237 451 1453 513 regere
1478 429 1756 516 populum
1778 451 1950 491 suum
1976 428 2264 496 institutis
2286 433 2355 496 li-

446 511 750 576 beralibus
785 510 858 574 ad
887 512 1250 599 Capitularia
1276 513 1475 577 Caroli
1516 518 1599 577 M.
1635 513 2057 592 accomodatis,
2116 541 2222 581 seu
2254 542 2356 606 po-

446 599 569 663 tius
597 597 693 660 his
731 597 880 684 ipsis
916 598 1384 685 Capitularibus,
1427 623 1535 686 per
1564 600 1753 677 illum,
1799 601 2177 687 praevalente
2211 627 2357 689 gen-

448 685 529 748 tis
571 707 803 770 quoque
837 683 898 745 in
934 682 1082 747 haec
1122 682 1487 772 sympathia,
1526 685 1584 748 in
1617 685 1798 748 vitam
1827 686 2149 761 revocatis3
2192 700 2359 764 tanta

447 769 701 856 undique
748 768 1029 832 confluxit
1070 770 1380 833 multitudo
1426 769 1747 835 domestica
1793 771 2143 857 fugientium
2185 775 2358 851 mala,

446 869 513 920 ut
552 854 869 941 Hungaria
898 854 1065 918 brevi
1098 856 1349 942 pusillae
1379 855 1823 920 nancisceretur
1864 861 2140 943 Europae
2174 852 2384 947 speci-¹

423 965 565 1020 em,
629 954 689 1005 et
728 954 1026 1027 tamquam
1070 953 1279 1027 portus
1328 963 1398 1002 ac
1444 941 1679 1026 asylum
1729 942 2205 1007 calamitosorum
2253 949 2384 1032 per}

448 1049 678 1092 omnem
714 1027 833 1089 late
884 1025 1085 1089 orbem
1136 1026 1555 1089 celebraretur.
1622 1029 1789 1102 Quae
1832 1027 2047 1113 igitur,
2118 1053 2376 1116 quaeso,-

447 1112 596 1177 haec
620 1112 772 1176 ratio
800 1123 917 1175 est:
951 1110 1359 1197 Scriptoribus
1388 1111 1686 1174 nonnullis
1719 1111 2008 1176 barbaros
2042 1138 2145 1179 eos
2173 1115 2360 1180 feros-

449 1222 562 1285 que
607 1196 748 1275 dici,
796 1196 945 1284 apud
987 1217 1136 1280 quos
1166 1199 1306 1283 jura
1338 1195 1721 1261 humanitatis
1751 1197 1839 1260 sic
1868 1199 2192 1275 florebant;
2240 1201 2360 1264 cul-

448 1297 545 1348 tos
572 1295 873 1432 verlo,haut
905 1281 1117 1345 saltem
1141 1281 1235 1346 his
1266 1282 1733 1370 praestantiores
1755 1284 2060 1371 appellari,
2095 1309 2132 1349 a
2153 1286 2365 1372 quibus

449 1393 520 1434 ea
555 1393 669 1434 exu
694 1392 728 1432 a
771 1380 889 1434 ant.

1311 1561 1353 1637 ς
1397 1565 1494 1621 23.

450 1730 552 1781 sed
588 1745 693 1796 per
728 1729 882 1781 hanc
922 1729 1014 1779 his
1061 1728 1412 1779 innutritam
1448 1728 1796 1795 principiiS‚
1843 1729 1912 1780 de
1948 1728 2186 1796 Europa
2222 1730 2364 1782 uni-

908 1830 1075 1866 versa
1120 1814 1612 1880 praeclarissime
1657 1815 1888 1866 meruit.

619 1981 824 2066 Atque
861 1977 933 2041 ad
968 1977 1128 2041 illam
1179 1977 1344 2056 fidei,
1381 1975 1657 2055 honoris,
1689 1976 1921 2064 gratiae
1943 1975 2174 2042 laudem
2194 1982 2363 2043 Hun-

450 2065 656 2152 garico
682 2064 900 2128 nomini
932 2063 1343 2140 asserendam,
1391 2061 1993 2149 confirmandamque,
2041 2075 2100 2128 et
2123 2063 2359 2128 traden-

450 2153 580 2216 dam
620 2152 881 2239 posteris
917 2149 1258 2237 Stephanus
1290 2149 1592 2213 nitebatur
1618 2161 1798 2213 totus.
1842 2149 2021 2213 Velle
2049 2173 2176 2213 eam
2208 2175 2362 2248 gens

449 2262 485 2301 a
535 2237 723 2325 stirpe
765 2235 981 2300 nobilis
1018 2236 1242 2323 caepit,
1305 2234 1577 2322 deditque
1622 2236 1921 2312 sobolem,
1982 2258 2125 2322 qua,
2175 2234 2362 2300 dicam

449 2324 602 2386 enim
622 2373 637 2401 ,
707 2323 849 2410 quin
899 2321 1051 2409 apud
1091 2345 1312 2409 aequos
1351 2345 1551 2385 rerum
1596 2321 1855 2385 arbitros
1893 2320 2235 2386 assentandi
2264 2346 2363 2387 su-

450 2409 771 2498 spicionem
815 2431 1052 2485 verear,
1108 2431 1227 2471 non
1261 2408 1412 2471 alter
1451 2406 1645 2494 magis
1689 2407 1942 2495 populus
1988 2405 2059 2471 de
2099 2407 2362 2494 reliquae

447 2495 779 2560 rationibus
801 2497 1077 2581 Europae
1100 2493 1330 2558 meruit.
1359 2497 1527 2557 Haec
1550 2516 1820 2579 namque,
1846 2492 1980 2556 dum
2002 2491 2061 2555 id
2081 2493 2361 2571 efficeret,

448 2595 514 2645 ut
552 2581 707 2668 quod
736 2579 927 2644 adhuc
961 2603 1068 2667 per
1093 2579 1340 2643 Daciam
1379 2591 1439 2643 et
1466 2582 1691 2643 Istrum
1720 2577 1936 2667 patuit,
1974 2578 2361 2645 barbararum

447 2667 715 2755 gentium
754 2665 1208 2753 immigrationis
1254 2666 1498 2743 ostium,
1567 2665 1842 2753 oppositu
1875 2664 2134 2752 pectoris
2170 2664 2263 2727 sui
2300 2665 2361 2728 in

446 2766 795 2841 perpetuum
833 2752 1232 2826 clauderetur3
1292 2753 1671 2815 securitatem
1702 2749 1780 2828 ei,
1819 2773 2008 2836 neque
2044 2750 2194 2813 hanc
2232 2762 2361 2813 tan-

450 2841 602 2915 tum,
649 2838 754 2901 sed
783 2839 1123 2900 facultatem
1150 2861 1381 2923 quoque
1409 2838 1556 2912 otio,
1602 2836 1677 2900 ad
1699 2861 1765 2901 se
1787 2858 2011 2921 suaque
2039 2836 2362 2900 excolenda

448 2924 629 3002 bona,
682 2923 913 2987 fruendi
957 2921 1302 2996 vin'dicavit3
1357 2922 1658 3008 singulos,
1715 2922 1849 2985 dum
1886 2921 1959 2985 ad
1998 2945 2064 2985 se
2109 2921 2360 2987 diverte-

446 3023 615 3087 rent,
660 3009 889 3097 prolixe
924 3007 1189 3094 accipere
1255 3031 1373 3070 non
1427 3015 1755 3084 contenta,
1833 3019 2132 3094 tamquam
2194 3020 2358 3072 esset

448 3095 690 3183 aliquid,
738 3094 892 3181 quod
942 3094 1199 3158 nondum
1245 3093 1706 3156 cumulatissime
1750 3105 2092 3181 pensasset,
2153 3106 2361 3158 contra

447 3187 709 3248 Tataros
779 3179 903 3258 diu,
950 3183 1185 3243 Turcas
1218 3178 1469 3256 diutius,
1524 3180 1739 3241 vallum
1773 3203 1867 3257 se,
1919 3179 2269 3266 fossamque»
2300 3192 2359 3243 et

450 3267 811 3333 antemurale
841 3271 1116 3354 Europae
1148 3265 1445 3352 praebuit,
1490 3265 1844 3352 militarique
1881 3264 2223 3329 fortitudine
2265 3288 2358 3328 or-

449 3355 581 3418 bem
622 3353 934 3430 heroibus,
988 3353 1184 3415 caelos
1227 3375 1453 3415 morum
1492 3350 1808 3415 sanctitate
1840 3349 2140 3438 plurimis,
2185 3349 2239 3412 si
2274 3351 2359 3415 ita

448 3440 637 3527 loqui,
699 3439 829 3537 sine
871 3438 1109 3503 fastidio
1155 3451 1213 3502 et
1254 3439 1597 3524 arrogantia
1640 3437 1808 3516 licet,
1855 3435 2226 3522 indigetibus
2272 3437 2356 3500 lo-

450 3527 783 3611 cupletav1t.
