2384 3886
1885 217 2008 276 285

15 421 18 427 J
95 359 405 448 plurimoS,
440 382 698 447 >quorum
740 380 879 446 pars
918 358 1097 421 tertia
1136 360 1208 421 iis
1240 360 1299 424 in
1339 374 1577 424 sumtus
1617 360 1824 437 castri,
1880 383 2008 423 sor-

98 459 332 532 temque
352 445 552 508 salarii
578 445 779 509 cessit.-
813 445 954 506 Non
984 443 1183 530 itaque
1235 470 1308 509 ex
1349 446 1602 532 publicis
1631 447 1788 509 olum
1809 469 2008 509 mune·

95 530 178 593 ris
219 532 310 593 sui
337 532 586 608 ratione,
634 530 742 601 sed,
772 528 964 591 officio
993 551 1223 614 quoque
1248 531 1611 616 privatarum
1641 555 1840 594 rerum
1873 554 2009 594 sua-

0 618 35 699 g
94 640 221 679 rum
240 665 254 693 ,
311 640 527 703 magno
556 614 794 678 solliciti
826 615 1058 677 fuerant
1091 636 1294 700 opere,
1340 640 1414 678 ne
1443 618 1614 702 leges
1643 617 1695 680 d.
1721 615 2008 704 Stephani

0 697 33 780 [ζ
93 702 164 764 de
195 702 410 779 rebus,
456 701 770 777 militibus,
828 699 1051 778 servis,
1110 712 1169 763 et
1215 700 1495 786 quidquid
1547 702 1616 765 ad
1651 703 1881 787 regiam
1925 702 2008 766 di-

0 766 39 883 l}
90 788 380 873 gnitatem
411 785 760 874 pertineret,
802 785 1043 871 integre
1078 784 1388 848 servandis
1457 787 1723 850 conditae
1788 788 2008 851 violen-

0 855 48 959 ξιξ
90 885 204 936 tur.
249 875 467 958 Neque
498 885 695 935 tamen
722 872 816 934 vel
848 870 936 934 sic
971 869 1071 935 diu
1103 870 1287 933 salvis
1319 870 1416 933 his
1453 895 1589 935 esse
1619 872 1807 947 licuit;
1855 874 2011 959 quod

89 957 256 1021 initio
304 981 411 1044 per
445 960 693 1020 Petrum
741 959 970 1043 Regem
1007 957 1190 1033 sacto,
1248 960 1452 1043 Reges
1496 958 1594 1019 alii
1636 956 1697 1019 in
1748 958 2010 1021 favorem

0 1059 23 1121 ᾖ·
88 1041 454 1106 Eclesiarum
491 1041 794 1107 territorio
844 1042 1026 1105 castri
1071 1042 1506 1129 decerpserint,
1578 1042 1676 1106 alii
1713 1044 2009 1107 contribu-

91 1130 178 1191 les
231 1129 622 1191 castrensium
671 1151 703 1190 e
751 1152 995 1192 numero
1043 1127 1254 1192 horum
1295 1128 1638 1192 exemerint.
1723 1129 1895 1206 Quod
1934 1153 2008 1193 ne

94 1213 425 1295 Comitibus
452 1213 828 1302 parochianis
858 1213 1207 1277 detrimento
1237 1225 1420 1291 esset,
1449 1214 1666 1292 datum,
1693 1214 1847 1301 quod
1874 1238 2009 1278 con-

38 1301 46 1306 ’
78 1300 268 1395 jicere
299 1300 463 1378 licet,
509 1322 616 1387 per
646 1303 894 1363 Petrum
927 1300 1253 1387 exemplum
1276 1307 1326 1380 2)
1358 1297 1496 1362 huic
1529 1301 1722 1364 locum
1760 1302 2008 1364 consue-

87 1385 277 1449 tudini
305 1385 462 1463 fecit,
497 1398 564 1448 ut
586 1384 645 1462 ii,
675 1385 872 1471 quiex
897 1384 1289 1448 castrensium
1318 1409 1562 1449 numero
1589 1385 2006 1466 eximerentur,
2051 1387 2065 1395 ”

88 1469 440 1535 descensum
464 1471 696 1548 Comiti,
717 1478 768 1552 3)
798 1471 1104 1549 victualia,
1132 1483 1300 1558 puta,
1334 1471 1427 1534 vel
1453 1470 1662 1534 horum
1693 1472 1876 1535 vicem
1903 1495 2008 1535 aes

88 1560 356 1645 paratum
397 1556 673 1644 deinceps
717 1558 893 1620 etiam
936 1568 1339 1644 praestarent,
1387 1557 1693 1644 alteroque
1724 1581 1794 1620 ac
1829 1556 2007 1621 tertio

30 1697 33 1699 .
86 1666 267 1731 saepe
301 1642 402 1705 vix
444 1642 724 1729 consequi
755 1646 988 1729 Regum
1015 1641 1331 1729 privilegio
1370 1656 1648 1730 possent,
1695 1656 1761 1706 ut
1789 1642 1861 1706 ab
1896 1642 2009 1707 hoc

85 1727 478 1792 castrensium
497 1728 695 1791 debito
734 1729 1016 1815 plenius
1062 1727 1475 1792 eximerentur.
1494 1736 1547 1808 4)

221 1918 269 1977 2)
314 1914 368 1964 In
415 1915 542 1964 hanc
581 1931 777 1981 quoque
822 1915 1093 1966 doctrinam
1133 1916 1384 1981 praecipui
1422 1931 1543 1965 usus
1581 1922 1656 1964 est
1694 1915 1915 1980 Diploma
1953 1916 2002 1966 b.

87 2000 215 2051 Petri
258 1999 579 2071 Quinqueecl.
632 2000 818 2061 „ltem,
867 2001 977 2067 quia
1015 2000 1206 2055 Eclesia
1247 2000 1756 2065 Quinqueeclesiensis
1796 2005 2004 2063 (structa

86 2102 176 2151 per
221 2085 418 2136 Petrum
464 2082 677 2156 Regem)
724 2093 800 2136 est
846 2086 1044 2136 fundata
1088 2086 1140 2136 in
1190 2086 1487 2139 Comitatu
1534 2086 1603 2136 de
1650 2086 1912 2151 Baranya
1950 2094 2006 2137 et

85 2178 313 2222 exemta
351 2170 410 2220 ab
442 2171 575 2221 omni
608 2171 793 2237 judicio
834 2171 1094 2238 cujuslibet
1125 2171 1306 2237 judicis
1351 2172 1489 2236 regni
1536 2171 1718 2229 nostri,
1778 2172 2003 2222 volumus

86 2264 267 2317 tamen,
301 2263 426 2306 utet
456 2273 690 2323 semper
720 2258 1071 2322 comperimuS,
1106 2258 1236 2322 quod
1268 2257 1443 2306 debeat
1475 2257 1678 2316 solvere,
1718 2257 1822 2321 ipsa
1855 2255 2004 2306 Ecle-

4 2399 7 2402 ,
89 2343 187 2402 sia,
237 2342 452 2392 Comiti
490 2343 557 2392 de
598 2343 886 2409 Baranya,
933 2342 1180 2392 annuatim
1222 2342 1437 2407 singulas
1475 2349 1576 2391 tres
1618 2357 1808 2391 marcas
1845 2342 1998 2393 frisat.

86 2428 354 2478 eximentes
394 2428 555 2478 omnia
592 2429 749 2490 bona,
802 2429 1148 2495 possessiones
1187 2435 1236 2478 et
1278 2427 1489 2492 populos
1527 2427 1682 2492 ipsius
1712 2427 1943 2477 'Eclesiae
1974 2444 2000 2477 a

0 2559 2 2561 .
83 2520 325 2579 potestate
356 2513 575 2564 omnium
605 2515 893 2565 villicorum.
950 2514 1032 2563 Sic
1069 2529 1183 2563 vero
1221 2512 1550 2578 Jobbagiones
1582 2513 1640 2562 de
1670 2513 1999 2563 castrensibus

0 2633 1 2636 κ
50 2631 51 2634 =
86 2599 487 2665 Zagrabiensibus
534 2600 748 2650 exemti
787 2596 859 2670 (V.
891 2600 966 2650 lit.
1004 2599 1123 2650 Lad.
1156 2599 1233 2648 IV.
1269 2599 1328 2647 de
1359 2614 1403 2647 a.
1449 2594 1656 2665 1279),
1691 2598 1876 2648 ratione
1909 2591 1999 2648 de-

0 2690 2 2749 ζ
86 2700 317 2745 scensuS,
365 2685 542 2735 Comiti
575 2703 664 2736 suo
697 2686 867 2736 decem
899 2691 948 2734 et
979 2692 1090 2734 octo
1122 2699 1327 2749 pensaS‚
1361 2683 1496 2733 Bano
1529 2690 1640 2733 octo
1673 2699 1862 2733 marcas
1895 2684 1999 2734 sol-

1 2800 2 2803 =
85 2786 195 2820 vere
236 2770 543 2820 tenebantur.
592 2771 837 2836 Recollige
880 2769 1042 2819 literas
1083 2784 1277 2834 quoque
1314 2769 1474 2835 gentis
1505 2769 1781 2819 Kom16siae
1812 2769 1871 2819 ad
1902 2786 1998 2820 no·

0 2859 26 2931 ¹¹
87 2855 271 2906 tionem
301 2855 658 2920 Johbagionum
689 2862 718 2916 S
739 2852 836 2906 30.
871 2855 1057 2905 citataS.

99 2998 106 3000 ,
220 2941 271 3009 3)
314 2941 564 3002 victualia,
612 2957 734 3007 quae
767 2941 1036 2991 descensus
1065 2940 1206 2990 titulo
1236 2940 1623 3006 praestabantur,
1658 2956 1811 3006 panes
1841 2948 1997 3001 erant,

87 3033 172 3076 aut
200 3033 358 3076 tortae
389 3025 597 3091 aliquot,
644 3027 763 3092 pulli
794 3026 910 3076 item
941 3032 1024 3075 aut
1053 3025 1280 3091 gallinae,
1326 3041 1479 3091 pecus
1509 3026 1762 3092 pascuale,
1812 3026 1999 3075 cerevi-

87 3112 183 3170 sia,
233 3126 405 3171 avena,
455 3127 658 3175 quarum
698 3127 928 3161 mensura
963 3111 1200 3172 variabat,
1247 3127 1337 3177 pro
1369 3112 1724 3161 consuetudine
1754 3112 1994 3161 locorum.

85 3197 199 3246 Vide
230 3196 357 3245 inter
387 3202 548 3245 cetera
579 3196 627 3247 in
661 3197 796 3262 Supl.
831 3196 890 3246 ad
921 3196 1045 3246 anal.
1080 3196 1224 3262 Scep.
1257 3213 1307 3264 p.
1343 3192 1482 3259 324,
1522 3193 1660 3258 397,
1697 3191 1836 3246 415.
1871 3203 1919 3246 et
1947 3196 1995 3246 in

14 3301 27 3319 ·¹
87 3281 207 3332 Cod.
242 3281 368 3346 Dipl.
403 3280 558 3345 plura.
851 3341 854 3344 Δ

217 3369 266 3428 4)
315 3366 607 3431 Hujusmodi
646 3367 808 3417 debito
853 3362 1073 3418 Comites
1118 3368 1399 3432 parochiani
1437 3367 1634 3433 plureS,
1703 3373 1873 3416 contra
1914 3366 1996 3431 jus

86 3452 230 3501 etiam
260 3452 600 3512 inhaeserunt,
650 3453 818 3518 sicque
850 3453 1028 3503 factum
1047 3490 1059 3513 ,
1106 3459 1160 3502 ut
1188 3453 1301 3503 licet
1330 3469 1374 3503 e.
1406 3469 1450 3502 c.
1473 3452 1729 3502 Marcellus
1758 3452 1995 3518 Jobbagio

88 3538 231 3588 castri
264 3538 681 3602 Zolgageuriensis
712 3538 772 3588 ab
802 3539 991 3590 Andrea
1021 3538 1082 3589 11.
1110 3536 1211 3605 jam
1242 3529 1532 3599 obtinuerit,
1581 3545 1634 3588 ut
1663 3554 1689 3588 a
1720 3537 1907 3598 debit0‚
1946 3538 1994 3589 in
