2384 3886
1876 210 2000 272 189

0 376 34 451 ἷῘ
87 401 312 444 morum
355 377 523 441 urbis
563 376 720 440 illius
752 378 983 461 Regum
1025 372 1290 465 exemplo
1342 377 1617 464 „legem
1653 374 1733 441 de
1771 400 1895 441 suo
1930 387 2000 439 et

85 477 526 565 posterorum
571 460 910 549 imperio“
955 462 1167 525 tulisse
1201 463 1516 526 videretur.
1547 471 1597 542 ⁵)
1650 466 1854 550 Atque
1888 461 2001 524 hac

87 552 186 629 ille
230 549 302 613 de
337 560 662 645 potestate,
699 569 880 631 quam
909 568 1017 632 per
1048 548 1486 611 coronationem
1519 548 1770 636 adeptus
1816 558 2000 624 esset,

0 676 2 678 ψ
86 637 513 733 interpretatur
570 655 700 719 lpse
737 653 870 693 eum
900 629 974 693 ad
1006 632 1266 709 modum,
1313 645 1379 695 ut
1412 633 1568 695 inter
1605 634 2001 709 fundamenta,

88 719 435 807 dignitatis,
465 718 799 803 *officiaque
852 715 1110 805 imperii,
1176 741 1403 780 mores
1457 741 1731 803 quoque
1782 721 2001 804 Majo-

88 829 263 880 rum,
308 803 365 867 id
408 815 502 866 est
550 801 732 865 enim:
778 801 936 865 avita
978 803 1359 890 populijjura,
1404 800 1730 889 horumque
1753 803 2003 889 integri-

87 903 270 954 tatem
308 889 570 952 collocet.
617 889 804 974 Cujus
834 887 1065 973 quidem
1098 889 1150 950 is
1164 901 1198 972 ,ξ
1214 900 1370 952 teste
1406 899 1532 950 toto
1564 888 1872 973 regiminis
1911 887 2006 951 sui

87 989 322 1049 tenore,
353 973 462 1036 suit
495 972 990 1036 studiosissimus.
1045 977 1190 1037 Non
1240 973 1395 1035 enim
1426 985 1658 1037 tantum
1700 973 1770 1037 de
1808 973 2006 1061 primi-

91 1061 213 1124 tivo
251 1058 526 1122 Civitatis
566 1057 930 1145 hungaricae
962 1072 1133 1146 pacto
1163 1058 1326 1136 nihil,
1350 1082 1554 1122 verum
1586 1081 1661 1122 ne
1689 1059 1760 1123 de
1790 1058 2007 1122 ceteris

94 1145 325 1233 quidem
375 1144 550 1207 avitis
611 1144 1136 1208 consuetudinibus
1183 1145 1430 1208 mutavit
1467 1144 1806 1232 quidquam,
1853 1143 2007 1231 quod

96 1254 226 1295 cum
253 1229 545 1316 religione
573 1253 744 1292 sacro
774 1243 1011 1307 sancta,
1058 1244 1116 1294 et
1141 1231 1355 1318 spiritu
1390 1229 1549 1317 pacti
1576 1232 1766 1308 illius,
1803 1254 2007 1317 supre-

91 1339 302 1402 maque
325 1314 580 1378 omnium
615 1339 887 1378 curarum
910 1316 1294 1402 laborumque
1323 1339 1566 1378 suorum
1596 1317 1849 1380 ratione:
1877 1338 2007 1404 per-

87 1400 359 1491 petuitati
406 1399 660 1464 nominis
708 1400 1020 1487 hungarici
1071 1401 1445 1478 consulendi,
1503 1416 1691 1466 semet
1742 1404 2008 1489 componi

88 1499 407 1576 pateretur.
454 1486 704 1572 Reliqua
744 1487 1232 1550 constitutionum
1269 1510 1511 1549 suarum
1537 1501 1708 1574 parte
1738 1488 2009 1573 antiquos

89 1585 148 1637 et
183 1573 462 1670 aequales
494 1584 689 1635 aetate
714 1572 980 1636 imitatus
1008 1576 1360 1659 AugustOS,
1405 1571 1465 1635 id
1499 1597 1533 1635 a
1557 1598 1624 1637 se
1656 1574 1787 1662 ipso
1820 1573 2010 1659 coepit

90 1657 430 1735 consilium,
476 1670 543 1720 ut
578 1656 650 1719 ad
687 1681 963 1721 auream
1000 1659 1321 1736 Comitum,
1367 1655 1729 1746 militumque
1766 1679 2010 1721 suorum

68 1767 71 1772 ·
91 1745 425 1806 libertatem
439 1792 454 1820 ,
502 1766 577 1805 ar
588 1767 633 1828 g
643 1767 674 1806 e
684 1767 722 1804 n
733 1755 758 1806 t
769 1767 800 1807 e
813 1767 847 1805 a
856 1767 913 1805 m
944 1746 990 1807 J
991 1744 1391 1830 obbagionum
1430 1745 1610 1807 castri
1638 1746 2010 1832 adjungeret,

5 1858 30 1920 j
82 1836 151 1893 'et
171 1828 400 1914 reliqua
439 1828 810 1892 multitudine
862 1853 968 1916 pro
1034 1830 1304 1917 portione
1352 1829 1683 1927 impertitae
1742 1828 1836 1892 his
1872 1830 2012 1893 item

92 1914 387 1978 libertatis
433 1913 779 1991 distributa,
811 1915 1084 2002 factaque
1121 1915 1297 2002 hujus
1332 1927 1509 1978 etlam
1544 1920 1738 1981 servis
1777 1938 1913 2002 spe,
1952 1914 2013 1976 in

95 2024 164 2064 eo
203 2012 368 2062 esset
407 2011 602 2062 totus:
646 2000 911 2086 plerique
946 2013 1010 2064 ut
1045 2025 1248 2064 omnes
1286 2001 1556 2066 conditae
1589 2026 1698 2090 per
1721 2025 1851 2066 eum
1881 2003 2011 2063 Mo-

96 2082 370 2148 narchiae
403 2085 555 2149 bene
585 2098 883 2173 cuperent.
930 2089 1128 2165 Quae,
1175 2087 1311 2154 dum
1341 2089 1623 2151 nonnulla
1657 2087 1729 2152 de
1760 2087 2012 2171 inaugu-

93 2171 321 2234 ratione
367 2168 624 2257 reginali
679 2174 1011 2257 praemissa
1058 2173 1310 2252 fuerint,
1375 2173 1578 2238 ordine
1631 2171 2013 2238 edissertabi-

95 2279 244 2319 mus.
306 2259 490 2318 Nunc
536 2279 697 2354 vero·
720 2280 933 2344 operae
979 2260 1234 2344 pretium
1279 2258 1541 2336 videtur,
1587 2272 1654 2323 ut
1690 2258 1816 2334 his,
1863 2280 2014 2342 quae

0 2410 3 2432 ἑ
98 2341 431 2404 summatim
477 2339 548 2404 de
584 2340 642 2403 vi
682 2344 1156 2429 maugurationis
1190 2345 1445 2432 Regiae,
1479 2344 1766 2431 modoque
1787 2341 2015 2429 imperii

0 2443 4 2510 ζ
100 2425 290 2490 adhuc
338 2426 625 2502 diximus,
677 2428 862 2494 verba
895 2429 1252 2509 'Verbdczii,
1305 2431 1404 2518 qui
1439 2431 1514 2496 ad
1560 2431 1810 2518 primum
1853 2428 2034 2492 abdis

0 2515 5 2596 ᾗ

0 2743 9 2832 ἒ

0 2834 10 2948 ἒ

0 2950 10 3008 Ε

0 3092 15 3162 2³³

0 3182 16 3249 {ag

100 2511 511 2597 tissimumque
562 2523 737 2576 antea
785 2514 1039 2578 omnium
1083 2517 1460 2580 consiliorum
1513 2515 1722 2580 horum
1765 2516 2013 2579 fontem:

102 2595 351 2683 Regalis
407 2595 714 2693 civi-lisque
764 2591 915 2686 apud
963 2602 1356 2666 Aristotelem
1403 2604 1769 2690 principatus
1826 2599 2014 2664 notio-

3 2734 7 2742 ,
102 2706 236 2746 nem
263 2691 313 2761 ⁶)
362 2703 666 2768 prox1mus
699 2687 989 2764 accessit,
1046 2688 1496 2775 subjungamus.
1569 2690 1883 2766 Quamvis,
1932 2684 2015 2748 ait

238 2869 286 2929 5)
330 2867 443 2917 Vide
475 2865 690 2931 exempla
721 2880 779 2914 ex
819 2863 1055 2913 Cicerone
1086 2861 1145 2910 de
1174 2876 1282 2926 rep.
1307 2860 1369 2910 ll.
1401 2858 1495 2920 17,
1533 2855 1626 2920 18,
1663 2855 1760 2919 20,
1795 2855 1893 2908 21.
1927 2871 2017 2922 per

106 2953 325 3004 Niebuhr
361 2953 503 3007 Rom.
546 2950 725 3002 Gesch.
758 2949 811 2999 P.
851 2946 903 2998 1.
937 2964 987 3013 p.
1017 2943 1136 2997 352
1170 2947 1337 2996 citata:
1374 2945 1605 3010 Quisquis
1636 2944 1819 2994 idcirco
1851 2942 2011 3003 fuerit,

110 3039 193 3104 qui
231 3038 351 3087 haec
388 3038 436 3087 d.
477 3037 622 3102 Regis
659 3035 840 3086 monita
879 3033 1066 3099 primus
1105 3033 1419 3082 Decretum
1457 3030 1732 3096 inscripsit,
1786 3030 1915 3080 idem
1954 3042 2015 3076 an

0 3148 7 3179 ε
90 3122 551 3174 'vetustissimorum
581 3123 912 3171 Romanorum
940 3135 993 3169 se
1020 3118 1068 3168 id
1089 3118 1308 3183 exemplo
1339 3118 1498 3167 facere
1530 3115 1758 3166 conscius
1790 3114 1881 3164 sihi
1907 3114 2016 3163 sue-

62 3267 70 3271 ,
91 3192 93 3194 .
112 3210 191 3270 rit,
242 3208 372 3258 haud
402 3207 656 3272 ecquidem
688 3206 819 3266 scio;
863 3204 976 3254 fecit
1003 3211 1166 3253 tamen
1198 3219 1285 3253 seu
1315 3202 1538 3261 consilio,
1575 3217 1662 3250 seu
1692 3199 1891 3249 fortuito
1922 3199 2016 3248 hoc

112 3294 293 3359 ipsum,
328 3293 457 3358 quod
488 3292 546 3341 iis
583 3297 685 3340 erat
710 3290 1106 3340 usitatissimum:
1150 3288 1465 3338 Decretum
1490 3285 1731 3351 appellare
1763 3284 2016 3334 solennem

114 3379 300 3444 Regum
331 3376 770 3428 vetustissimorum
796 3374 854 3423 de
892 3373 1098 3438 legibus,
1147 3389 1267 3438 quas
1299 3374 1348 3423 in
1379 3370 1674 3421 moderanda
1706 3385 1812 3436 rep.
1850 3376 2015 3421 tenere

115 3464 305 3525 vellent,
352 3462 727 3528 professionem.
856 3516 859 3518 ,

247 3550 294 3610 ⁸)
338 3548 479 3599 Polit.
512 3547 544 3598 1.
578 3547 616 3598 Ι.
656 3562 700 3597 c.
742 3543 795 3597 5.
835 3544 866 3594 1.
911 3542 994 3594 111.
1028 3558 1072 3593 c.
1111 3540 1204 3629 11.
1252 3543 1285 3592 l.
1328 3543 1380 3591 V.
1414 3556 1458 3590 c.
1494 3537 1549 3590 8.
