2384 3886
1869 200 1990 259 173

86 345 215 419 Quo
280 343 499 404 factum
523 390 539 418 ,
619 343 683 404 ut
738 363 854 403 non
911 339 1092 403 multo
1156 353 1291 427 post
1353 341 1605 404 maxima
1670 344 1991 426 Hungaro-

0 422 7 489 s‘
84 451 214 491 rum
261 451 401 515 pars
451 425 776 490 Christiani
825 436 926 486 aut
962 438 1196 502 essent,
1259 439 1389 503 aut,
1450 426 1605 512 quod
1642 439 1737 489 est
1780 427 1992 513 proha-

0 585 17 599 „
84 512 296 590 bilius,
353 512 725 576 haberentur.
770 508 950 573 Nihil
983 509 1181 595 itaque
1210 514 1336 595 jam
1390 512 1764 599 impediebat,
1807 513 1989 575 Dioe-

87 622 255 661 ceses
302 611 360 661 et
398 598 791 684 Episcopatus
835 594 1155 680 designari.
1201 599 1366 671 Quos
1399 596 1496 659 ille
1542 597 1742 677 denos‚'
1772 598 1994 661 consti-

0 695 18 738 2³
85 685 233 747 tuit:
300 684 716 758 Colocensem,
783 680 1327 767 Vesprimiensem,
1385 682 1801 760 Bacsiensem,
1846 686 1993 747 Jau-

0 783 6 809 's
85 770 414 845 rinensem,
469 766 1219 852 Quinque-Eclesiensem,
1276 767 1675 844 Vaciensem,
1728 769 1993 854 Agrien-

87 878 212 918 sem
237 903 251 931 ‚
298 851 791 929 Csanadiensem,
835 851 1531 937 Magno-Varadiensem
1574 866 1633 915 et
1663 853 1993 917 Albensem

83 939 144 1002 in
178 938 645 1023 Transylvania3
691 937 903 1022 hisque
932 937 1203 1000 omnibus
1245 937 1726 1023 Strigoniensem
1765 951 1832 1001 ut
1865 943 1993 1001 Me-

84 1023 355 1112 tropolim
383 1031 433 1104 2)
471 1036 531 1088 et
559 1023 918 1107 Magistram
949 1023 1459 1109 praeessevoluit.
1508 1027 1692 1100 Sunt,
1740 1025 1839 1110 qui
1868 1027 1994 1088 Va-

86 1110 344 1172 ciensem
388 1123 447 1173 et
495 1109 929 1173 Varadiensem
976 1108 1029 1171 ei
1060 1108 1287 1171 auctori
1321 1109 1660 1173 adscribere
1697 1109 1994 1184 dubitent3

85 1195 212 1272 alii,
267 1195 364 1281 qui
392 1194 767 1258 Nitriensem
799 1193 872 1256 ad
909 1217 1040 1257 eum
1065 1194 1357 1268 referant3
1405 1193 1511 1258 sed
1547 1194 1780 1258 illorum
1813 1195 1995 1259 ratio-

84 1305 192 1344 nes
223 1280 543 1358 Desericii,
577 1280 913 1366 Prayique3
952 1277 1161 1342 horum
1194 1279 1588 1366 opinationem
1615 1275 1876 1344 Katonai
1901 1304 1994 1344 ar-

85 1379 368 1453 gumenta
407 1378 822 1453 praegravant.

84 1589 322 1649 possunt,
372 1599 570 1648 operam
607 1598 837 1654 posuere.
902 1583 972 1632 De
1012 1583 1232 1634 doctrina
1270 1583 1518 1648 religionis
1556 1583 1862 1632 verissimum
1900 1584 1995 1633 hoc

84 1675 175 1731 est,
210 1669 341 1734 quod
369 1668 513 1718 Verb.
547 1669 586 1718 Ι.
620 1658 828 1736 titg'11.
862 1673 891 1728 §
925 1667 979 1718 2.
1012 1669 1180 1718 tradit:
1243 1669 1503 1733 Hungaros
1541 1684 1641 1718 non
1673 1684 1762 1734 per
1800 1669 1998 1734 praedi-

3 1776 37 1840 ἕ
85 1754 324 1804 cationem
366 1744 709 1819 apostolicam,
778 1754 864 1803 sed
900 1770 990 1819 per
1026 1754 1379 1803 institutionem
1419 1754 1604 1820 proprii
1641 1754 1786 1819 Regis
1826 1770 1996 1805 eorum

87 1855 350 1890 conversos
383 1855 492 1889 esse
520 1839 579 1892 ad
612 1839 896 1898 catholicam
931 1840 1094 1889 fidem.

199 1943 267 2015 2²)
291 1920 610 2009 strigonium
655 1956 712 1989 eo
751 1946 973 2004 tempore
1012 1940 1321 2005 Metropolim
1362 1939 1637 2003 Hungariae
1677 1940 1827 1991 fuisse
1865 1946 1999 2004 patet

82 2042 141 2076 ex
167 2008 366 2093 Arnoldi
398 2025 581 2075 Chron.
626 2025 750 2074 Slav.
797 2026 830 2074 l.
867 2022 921 2075 3.
966 2042 1074 2091 cap.
1112 2023 1209 2075 29.
1246 2025 1336 2087 „in
1377 2025 1648 2091 civitatem,
1705 2041 1826 2090 quae
1867 2026 1996 2075 Gran

84 2111 285 2183 dicitur,
334 2126 455 2176 quae
498 2111 804 2175 Ungarorum
844 2117 919 2160 est
957 2111 1281 2176 Metropolis;·
1312 2111 1495 2160 Auctor
1526 2110 1834 2175 synchronus
1874 2111 1995 2161 vitae

84 2195 294 2252 Conradi
330 2197 370 2247 Ι.
414 2197 529 2261 Aep.
574 2196 747 2246 Salisb.
792 2197 921 2262 apud
958 2196 1015 2246 B.
1059 2196 1284 2246 Peczium
1323 2212 1430 2261 cap.
1470 2190 1564 2245 14.
1611 2196 1781 2246 habet:
1838 2213 1994 2262 usque

83 2282 399 2348 Strigonium,
434 2297 555 2347 quae
587 2283 872 2347 metropolis
904 2284 1042 2347 regni
1062 2289 1137 2331 est
1155 2282 1301 2331 illius.
1335 2282 1408 2330 Ex
1437 2281 1616 2346 Roger.
1647 2282 1813 2331 miser.
1840 2297 1992 2332 carm.

82 2383 192 2433 cap.
229 2363 325 2418 38.
376 2383 527 2429 „cum
560 2367 858 2438 Strigonium
889 2368 939 2417 in
970 2367 1217 2432 Hungaria
1248 2383 1421 2417 omnes
1448 2374 1497 2417 et
1527 2367 1741 2432 singulas
1771 2368 1997 2432 praecel—

82 2453 148 2502 lat
189 2452 423 2503 civitateS.
471 2453 586 2502 Vide
618 2459 667 2502 et
697 2453 986 2503 Colomanni
1017 2453 1049 2503 l.
1089 2451 1141 2503 1.
1187 2467 1294 2518 cap.
1340 2450 1436 2503 79.
1484 2453 1590 2502 Hoc
1630 2469 1721 2519 pro
1752 2452 1903 2517 Prayo
1935 2454 1994 2503 ad

82 2538 233 2599 litem,
273 2553 416 2603 quam
449 2538 493 2587 ei
525 2538 760 2603 Sallagius
792 2538 922 2588 fecit.

943 2765 984 2841 ς
1029 2767 1128 2823 os.

202 2932 359 2982 Idem
404 2933 702 2983 communi
747 2933 1016 2983 fidelium
1063 2932 1322 2983 consilio
1371 2932 1487 2981 Rex
1533 2931 1848 2982 salutatus,

0 3160 5 3181 μ
252 3094 315 3153 Α
355 3104 618 3179 tempore
671 3093 890 3156 conditi
939 3092 1302 3156 sanctissimi
1345 3093 1502 3179 pacti
1537 3090 1810 3155 Civitatis
1848 3089 1993 3152 hun-

85 3176 325 3262 garicae
353 3200 472 3239 non
507 3177 639 3254 alia,
685 3202 873 3264 neque
909 3201 1152 3242 numero
1184 3178 1547 3265 Optimatum
1574 3175 1995 3261 frequentiora,

85 3285 274 3348 neque
325 3274 616 3324 momento
660 3263 748 3344 rei
789 3263 1199 3326 deliberandae
1242 3263 1553 3349 graviora,
1625 3283 1813 3346 neque
1860 3285 1995 3347 pro-

83 3361 262 3411 ventu
301 3350 523 3433 majora
559 3346 758 3409 habita
789 3361 928 3410 sunt
962 3348 1248 3425 Comitia,
1295 3371 1467 3434 quam
1514 3370 1663 3432 quae
1698 3369 1850 3409 anno
1884 3346 1995 3408 mi-

84 3432 288 3496 lesimo
345 3432 574 3496 concita
617 3445 773 3494 sunt.
850 3435 1289 3518 Argumentum
1331 3433 1541 3496 horum
1586 3431 2006 3519 praecipuum:

0 3526 12 3600 ᾗ
84 3529 149 3580 ut
183 3522 506 3581 auctoritas
546 3518 734 3580 Ducis
773 3518 845 3580 ad
886 3517 1060 3602 Regii
1101 3519 1365 3582 elevetur
1406 3520 1787 3602 Majestatem
1825 3518 1996 3582 Prin-

0 3604 13 3642 :J

0 3657 11 3760 Ξ

0 3758 16 3886 Ξ
94 3826 97 3830 s
