2384 3886
437 241 560 297 32ss

1280 480 1322 555 ς
1368 483 1504 540 127.

437 661 540 710 sed
578 676 718 711 usus
759 660 967 710 horum
1008 660 1238 710 invisus
1277 660 1528 726 populo,
1570 675 1723 712 anno
1763 662 1964 726 itaque
2001 657 2184 712 1298
2225 661 2350 728 lege

1218 745 1559 810 abrogatus.

607 920 1130 1006 Congregationes
1166 942 1270 1006 per
1302 918 1532 982 Missos
1563 920 1896 983 celebratae
1920 917 2145 1006 regios,
2177 919 2351 1018 plebi,

436 1029 611 1092 quam
634 1029 784 1069 onus
819 1002 1161 1093 praestandi
1212 1004 1340 1082 his,
1402 1004 1998 1092 frequentissimoque
2033 1006 2352 1069 Comitatui

436 1115 546 1154 suo
568 1091 895 1154 descensus
925 1097 1349 1170 (commeatus)
1378 1090 1672 1168 manebat,
1695 1097 1742 1171 1)
1774 1114 1995 1176 graves
2023 1089 2349 1169 admodum,

435 1177 722 1240 militibus
758 1200 928 1253 vero,
976 1200 1081 1239 seu
1105 1225 1120 1253 ,
1165 1174 1319 1262 quod
1359 1199 1504 1238 usus
1540 1198 1645 1239 eos
1673 1177 2038 1243 erudiverat:
2084 1177 2351 1263 Regulos

435 1260 545 1324 hos
591 1285 711 1325 non
744 1261 1110 1348 aequabilem
1134 1261 1293 1348 juris
1351 1262 1412 1322 in
1461 1281 1665 1325 omnes
1715 1262 1986 1327 tenuisse
2031 1261 2350 1338 rationem;

435 1369 544 1409 seu
588 1371 704 1434 qua
739 1348 855 1410 alia
886 1361 1200 1435 praeterea
1233 1370 1414 1409 causa
1445 1346 1704 1426 invisae,
1751 1348 1990 1412 labante
2037 1369 2144 1435 per
2181 1347 2350 1434 igna-

432 1432 587 1496 viam
627 1431 911 1498 Andreae
949 1437 1026 1496 ll.
1081 1456 1310 1496 morum
1347 1432 1679 1521 disciplina,
1736 1434 2065 1499 detestatae
2109 1432 2182 1496 ob
2215 1456 2349 1496 ava-

432 1521 629 1582 ritiam
661 1520 917 1583 fuerunt.
962 1519 1315 1583 Auctoritas
1342 1518 1541 1606 itaque
1568 1520 1827 1584 Palatini
1859 1531 1969 1582 art.
1995 1526 2054 1582 8.
2085 1525 2249 1581 1222
2277 1518 2351 1582 ad

428 1628 637 1669 ,omnes
668 1604 936 1669 homines
970 1604 1146 1691 regni
1173 1603 1658 1683 „indifferenter“
1683 1620 1948 1670 extensa.
1992 1606 2178 1690 Cujus
2205 1603 2351 1668 fidu-

433 1690 523 1753 cia
568 1691 893 1778 particulae
933 1714 1080 1753 sane
1118 1714 1294 1777 quam
1335 1690 1665 1777 generaliS‚
1719 1715 1851 1755 cum
1891 1689 1933 1752 ii
1966 1689 2027 1752 in
2059 1712 2349 1776 personas

434 1799 668 1863 quoque
688 1776 977 1863 religione
1003 1800 1230 1853 sacraS,
1267 1788 1327 1839 et
1347 1776 1662 1864 speciebus
1688 1799 2021 1854 causarum,
2054 1799 2127 1838 ex
2149 1788 2350 1839 vetere

432 1862 740 1940 instituto,
811 1861 883 1925 ad
938 1862 1370 1950 Episcoporum
1414 1861 1887 1948 jurisdictionem
1915 1860 2350 1950 pertinentibus

435 1948 855 2022 decernerent3
896 1946 956 2010 id
981 1972 1055 2012 ne
1085 1947 1147 2011 in
1176 1960 1483 2035 posterum
1512 1949 1709 2026 fieret,
1749 1960 1858 2012 art.
1883 1955 1980 2032 17,
2013 1955 2175 2011 1231
2215 1970 2348 2010 cau-

433 2046 591 2107 tum3
638 2057 792 2097 anno
822 2055 962 2096 vero
992 2040 1159 2098 1298
1201 2045 1311 2096 art.
1335 2041 1432 2096 32.
1483 2034 1870 2098 constitutum
1899 2045 2019 2111 est,
2066 2057 2141 2096 ne
2173 2056 2348 2119 quae-

431 2142 661 2205 cunque
714 2118 991 2206 deinceps
1043 2130 1404 2206 potentum
1456 2120 1566 2183 vel
1619 2119 2074 2208 impotentum
2133 2141 2377 2190 causae,

431 2227 537 2290 per
571 2203 836 2267 Missos
867 2228 935 2268 co
986 2204 1154 2268 nosci
1186 2204 1413 2290 Regios
1451 2203 1715 2291 possint:
1760 2229 1966 2269 verum
2001 2226 2204 2269 omnes
2236 2202 2349 2282 hae

430 2289 505 2353 ad
529 2290 892 2368 Palatinum,
930 2314 1061 2374 ‘um
1102 2290 1441 2377 provincias
1478 2289 1736 2377 judicat,
1791 2291 1886 2355 vel
1932 2289 2069 2355 dum
2112 2313 2229 2354 non
2251 2292 2348 2378 ju·

432 2374 618 2453 dicat,
666 2374 740 2439 ad
764 2374 1152 2440 Parochiales
1192 2374 1440 2439 Judices
1471 2376 1823 2441 reserantur.

567 2623 610 2683 l)
657 2622 861 2672 Condita
885 2639 975 2688 per
1002 2625 1050 2674 d.
1073 2624 1243 2690 Steph.
1274 2625 1479 2675 Basilica
1506 2624 1729 2675 Albensis
1758 2624 1888 2688 (vide
1915 2621 2072 2688 privil.
2101 2620 2246 2672 Belae
2266 2620 2342 2672 1v.

435 2708 494 2756 de
534 2723 577 2757 a.
619 2701 777 2757 1254
808 2708 885 2758 lV.
921 2707 976 2758 2.
1019 2725 1070 2774 p.
1106 2707 1252 2773 230)
1289 2710 1390 2777 jam
1429 2726 1519 2776 per
1548 2711 1683 2760 illum
1715 2710 1806 2760 hac
1838 2709 2014 2759 donata
2044 2707 2347 2758 immunitate

431 2792 544 2842 suit:
586 2793 717 2859 quod
753 2793 1084 2858 Jobbagiones
1116 2803 1164 2845 et
1193 2796 1361 2861 populi
1394 2795 1499 2861 ejus
1529 2811 1621 2845 nec
1652 2795 1850 2846 Palatini
1883 2809 1970 2843 seu
2001 2792 2345 2844 vice-Palatini

432 2877 493 2928 ad
525 2877 1069 2943 Congregationem
1101 2881 1462 2944 generalem,
1495 2887 1579 2931 aut
1601 2881 1745 2930 etiam
1774 2878 2096 2946 specialem
2125 2885 2182 2928 et
2209 2893 2347 2943 par-

432 2962 771 3022 ticularem,
815 2979 1004 3029 neque
1044 2964 1338 3015 Comitum
1377 2965 1840 3030 parochialium,
1883 2980 1985 3014 seu
2018 2963 2341 3014 eorundem

433 3048 607 3098 simul
645 3064 772 3098 cum
815 3049 950 3098 aliis
992 3064 1385 3110 communem,
1434 3050 1508 3099 vel
1556 3050 1683 3099 sine
1723 3050 1883 3111 aliis,
1932 3049 2207 3100 victualium
2253 3049 2345 3099 ad—

433 3134 839 3184 ministrationem
887 3141 935 3183 et
980 3134 1297 3197 solutionem,
1347 3135 1420 3184 vel
1466 3150 1787 3200 expensarum
1836 3144 2039 3201 quarum
2089 3134 2205 3185 libet
2250 3149 2341 3200 pro

433 3220 554 3284 ipsis
594 3220 924 3285 elargitionem
965 3219 1261 3279 faciendam,
1293 3220 1391 3271 ullo
1422 3236 1637 3286 unquam
1669 3230 1891 3287 tempore
1919 3226 2193 3272 teneantur.
