2384 3886
0 711 9 762 3

1896 200 2019 258 257

95 340 302 404 harum
322 363 390 403 se
413 339 682 404 conferre
710 337 1060 411 clientelam,
1094 359 1265 421 quam
1302 338 1786 425 Olygarcharum
1812 353 2017 427 poten-

94 425 234 489 tiam
261 425 522 489 libertati
556 449 699 487 suae
723 423 935 486 timere
966 422 1264 486 maluisse.
1309 427 1613 488 Neutrum
1642 425 1794 487 falsa
1815 426 2014 512 aliqua

27 512 45 594 '⁴
93 510 165 573 de
199 511 536 573 numinibus
565 521 904 572 sanctorum
936 506 1209 592 opinione
1237 507 1489 587 sactum,
1534 534 1644 574 nec
1671 510 1825 597 quod
1861 511 2017 599 capti

91 595 517 682 superstitione
557 594 760 671 animi,
793 591 880 655 uti
920 590 1154 677 quidam
1190 594 1541 680 vulgarunt,
1601 598 1877 682 quaestui
1921 621 2014 660 sa-

26 771 37 792 fl.

7 808 23 817 ψ.

16 823 46 939 3

91 681 431 744 cerdotibus
475 681 744 753 fuerant3
802 676 908 740 sed
955 689 1290 764 comperto:
1353 679 1511 741 vires
1553 682 1826 745 Eclesiae
1867 682 2013 745 hun-

89 766 360 850 garicae,
422 785 573 851 quae
615 763 848 827 novella
888 762 1024 825 dum
1071 775 1272 839 esset,
1329 764 1571 828 brachio
1622 767 1815 851 regali
1863 791 2013 855 opus

89 851 377 929 habebat,
419 861 556 937 post
588 849 690 912 ubi
710 847 1068 947 ‘peregrinis
1097 848 1510 913 sacerdotibus
1531 850 1849 935 indigenae
1879 877 2011 915 suc-

0 954 1 961 ’
42 959 49 975 a
90 947 430 1012 cesserunt,
466 935 675 998 horum
706 957 767 996 ln
802 934 1069 997 Patriam
1107 933 1302 998 studio
1341 934 1558 999 laetius
1591 951 2010 1022 augescenteS‚

2 1024 3 1027 ’
88 1021 162 1084 ad
197 1020 257 1084 id
286 1020 520 1084 roboris
552 1019 719 1084 brevi
749 1020 1123 1108 pervenisse,
1180 1033 1246 1083 ut
1287 1044 1401 1119 qua
1427 1021 1766 1085 auctoritati
1788 1023 2012 1108 regiae,

87 1129 202 1193 qua
232 1105 740 1203 libertati-populi,
778 1118 984 1169 contra
1009 1104 1127 1167 vim
1154 1118 1213 1169 et
1244 1105 1716 1205 dominationem·
1751 1107 2009 1195 privato-

41 1258 44 1260 ,
85 1215 215 1254 rum
248 1191 614 1255 validissimo
657 1204 862 1255 essent
890 1191 1277 1266 muniment03
1324 1215 1435 1256 nec
1469 1193 1663 1256 locata
1698 1217 1759 1255 in
1801 1217 1869 1257 se
1905 1218 2013 1281 per

0 1307 3 1313 ,
84 1278 314 1426 ffibiles
339 1276 539 1444 regni,
580 1277 643 1339 in
681 1276 1086 1365 compendium
1114 1300 1312 1340 rerum
1347 1301 1588 1341 suarum
1615 1278 2013 1342 'abuterentur

32 1410 45 1418 ,.
107 1387 125 1426 1
167 1387 312 1426 ucia.
353 1378 376 1411 2

215 1550 263 1610 2)
310 1548 379 1597 De
426 1564 553 1599 nexu
594 1547 876 1614 hujusmodi
926 1548 1143 1599 resoluto
1194 1549 1415 1614 exempla
1464 1557 1655 1600 exstant
1703 1550 1807 1600 Ecl.
1860 1551 2008 1599 Vesz-

83 1637 240 1700 prem.
273 1633 395 1684 VIlI.
436 1651 479 1684 v,
517 1630 573 1685 3.
614 1649 725 1700 pag.
765 1631 902 1699 121.
936 1634 1051 1684 item
1084 1634 1165 1684 IX.
1199 1651 1242 1684 ν.
1291 1633 1344 1686 7.
1384 1650 1495 1701 pag.
1532 1631 1679 1697 688;
1722 1636 1782 1686 de
1821 1635 2007 1701 Strigo·

27 1778 30 1782 ,
82 1719 241 1770 niensi
270 1719 393 1769 VIII.
438 1736 482 1769 v.
519 1715 574 1769 3.
618 1735 667 1786 p.
706 1717 843 1769 121.

956 1930 998 2005 S
1043 1933 1141 1989 π).

20 2090 28 2097 “
94 2080 406 2146 providum
446 2081 740 2143 indicant,
779 2081 838 2131 in
880 2081 1219 2147 deligendis
1258 2081 1376 2142 his,
1418 2081 1583 2131 Juris
1622 2080 1989 2131 Patronatus

809 2183 979 2217 usum
1018 2167 1264 2233 Regum.

246 2316 400 2377 Jure
418 2314 680 2411 supremi
702 2314 975 2378 Eclesiae
999 2312 1366 2400 hungaricae
1390 2316 1756 2377 Patronatus
1788 2313 1840 2376 d.
1865 2316 2000 2376 Ste-

37 2453 44 2458 .
76 2397 337 2485 phanuS‚
390 2423 499 2462 suo
528 2423 657 2487 lpse
693 2400 1013 2476 arbitram,
1050 2399 1666 2463 Antistites'Eclesiis
1696 2398 1998 2486 praefecit,

0 2549 2 2551 .
77 2507 226 2570 quos
276 2483 349 2546 ad
396 2483 510 2548 hoc
548 2485 812 2549 muneris
849 2487 1101 2549 maxime
1147 2485 1393 2548 idoneos
1426 2485 1726 2573 comperit.
1770 2483 1997 2547 Eadem

76 2592 224 2632 usus
264 2572 619 2634 auctoritate
663 2595 711 2634 s.
746 2571 1100 2649 Ladislaus‚
1145 2571 1290 2633 Duh
1322 2570 1688 2634 Bohaemum
1727 2569 1997 2633 Eclesiae

75 2655 473 2741 Zagrabiensi
504 2670 806 2744 pastorem
839 2656 1156 2743 delegavit.
1186 2663 1231 2737 1)
1278 2659 1401 2719 Par
1431 2658 1792 2720 Colomanno
1820 2653 1997 2716 animi

76 2740 285 2819 robur,
322 2742 718 2806 Pontificibus
743 2743 878 2806 lice't
903 2746 1100 2805 acrius
1121 2745 1245 2828 jam
1279 2741 1698 2806 obnitentibus,
1744 2744 1993 2804 Sancto-

77 2849 204 2888 rum
240 2828 393 2890 enim
419 2831 652 2914 Regum
676 2828 910 2892 illorum
943 2841 1188 2891 secutus
1215 2827 1501 2914 vestigia,
1520 2835 1570 2908 2)
1616 2850 1732 2890 non
1762 2837 1991 2889 tantum

212 3013 255 3072 1)
299 3013 414 3062 Vide
445 2987 721 3080 compendii
752 3031 897 3065 causa
930 3015 1116 3064 Katona
1147 3015 1274 3065 Hist.
1307 3015 1447 3064 Metr.
1481 3013 1586 3062 Ecl.
1630 3012 1797 3062 Coloc.
1839 3012 1892 3059 P.
1933 3009 1984 3059 1.

0 3140 2 3143 .
76 3112 127 3162 p.
163 3093 310 3158 231,
372 3095 509 3150 232.
553 3101 884 3166 quiprimum
931 3101 1060 3166 apud
1105 3117 1197 3150 nos
1236 3098 1577 3166 postulationis
1616 3104 1697 3146 aut
1735 3096 1985 3145 electionis

0 3209 3 3252 7
77 3181 351 3247 exemplum
389 3183 437 3231 in
475 3184 661 3234 Joanne
708 3186 966 3236 Colocensi
1003 3202 1044 3235 a.
1095 3183 1252 3235 1205
1293 3186 1352 3236 ad
1391 3184 1555 3233 sedem
1598 3181 1985 3245 Strigoniensem

0 3277 3 3340 ξ
76 3267 308 3317 translato
339 3268 519 3317 editum
552 3269 854 3320 esse'docet.

209 3355 256 3414 2)
302 3353 372 3403 Ita
403 3354 555 3418 Geyza
585 3354 646 3403 ΙΙ.
681 3370 725 3404 a.
763 3351 922 3404 1158
956 3352 1078 3422 (LL.
1112 3354 1213 3406 ΕΕ.
1259 3354 1314 3403 T.
1348 3353 1408 3403 ΙΙ.
1450 3367 1499 3416 p.
1537 3345 1710 3412 247):
1744 3367 1980 3401 concessa

0 3454 1 3460 ¹
78 3437 194 3487 mihi
231 3440 372 3489 etiam
405 3439 454 3489 b.
487 3439 615 3489 Petri
646 3439 775 3489 sedis
806 3439 1091 3489 auctoritate
1122 3440 1270 3504 (Sylv.
1303 3438 1363 3488 ΙΙ.
1397 3437 1573 3497 literis)
1604 3437 1738 3502 volO,
1784 3442 1838 3486 ut
1867 3437 1980 3486 ubi-

0 3539 6 3614 s
79 3537 269 3590 cunque
301 3525 476 3576 eclesia
507 3525 811 3589 (Nitriensis)
842 3524 1041 3575 haberet
1071 3524 1414 3589 possessiones
1444 3522 1493 3572 in
1522 3522 1769 3586 provincia
1810 3521 1980 3587 cujus-

1566 3604 1640 3657 17
