2384 3886
403 158 526 216 156

396 297 560 371 bant,
591 319 740 381 quae
769 317 899 356 cum
935 316 1128 372 escae,
1158 307 1284 357 tum
1318 295 1488 358 lactis
1511 305 1689 380 potus
1717 315 1916 372 causa,
1948 295 2119 359 simul
2146 320 2308 375 vem,

400 394 463 443 ut
508 379 875 466 frequentiae
926 378 1444 466 amplitudinisque
1483 392 1813 442 castrorum
1851 380 2107 467 speciem
2140 405 2309 469 prae-

399 465 612 543 beant,
690 487 888 528 secum
955 464 1195 528 trahere
1247 477 1698 529 consueverunt.
1764 465 2059 529 Pecuniae
2096 489 2310 530 nomen

395 551 589 638 ipsum
604 598 619 627 ,
659 562 797 635 post
819 573 992 613 suum
1013 574 1088 614 ex
1099 551 1254 614 Asia
1272 574 1606 637 egressum,
1633 574 1667 612 a
1686 550 2020 637 peregrinis
2040 552 2308 629 mutuati,

397 633 727 711 commoda,
771 659 919 723 quae
943 636 1181 699 sobrius
1209 640 1338 723 ejus
1369 661 1516 699 usus
1544 649 1881 723 praestaret
1899 685 1913 712 ,
1958 660 2089 698 cum
2117 636 2178 699 in
2208 661 2309 699 an-

391 720 577 807 tiquis
601 721 847 784 sedibus
870 721 1218 786 commercia
1237 721 1366 785 vice
1393 745 1592 786 rerum
1623 722 2027 799 exercuerint,
2058 745 2175 807 non
2207 746 2310 786 no-

390 819 626 880 verant3
673 829 810 870 mox
837 819 1033 871 tamen
1065 807 1270 870 eadem
1302 830 1433 870 cum
1466 809 1682 871 ceteris
1719 811 1992 895 Europae
2024 806 2310 893 gentibus

389 916 497 979 per
536 892 872 956 satietatem
902 894 1054 957 same
1085 893 1474 970 vexabantur,
1522 916 1671 979 quae
1724 892 1981 956 animum
2030 893 2104 956 ad
2135 916 2310 981 appe-
2363 967 2366 970 p

389 978 602 1042 tendas
622 977 919 1066 improbas
942 979 1117 1042 etiam
1145 978 1379 1041 divitias
1402 977 1663 1064 impellit.
1719 982 2007 1042 Ferarum
2030 979 2174 1059 tecti
2207 1002 2310 1042 an-

388 1076 487 1127 tea
510 1063 785 1152 pellibus,
819 1063 1080 1149 linoque,
1126 1064 1187 1125 in
1234 1061 1450 1126 ceteris
1476 1063 1756 1127 victoriae
1779 1064 2124 1128 muneribus
2144 1063 2311 1130 miles

391 1148 528 1223 hoc;
562 1149 888 1224 PrimoreS‚
924 1149 1101 1211 etiam
1120 1171 1269 1235 quae
1299 1147 1372 1211 ad
1395 1149 1595 1211 luxum
1617 1150 2089 1238 opulentiamque
2114 1151 2310 1215 cultus

386 1235 638 1313 faciunt,
678 1246 737 1297 et
768 1257 802 1296 a
842 1234 1094 1298 Graecis
1122 1233 1355 1322 quidem
1390 1234 1725 1323 imperiales
1756 1249 1990 1316 vestes,
2037 1259 2309 1315 coronas,

388 1321 696 1407 stolasque
728 1319 1143 1408 deposcebant.
1168 1327 1219 1401 2)

521 1505 572 1576 2)
619 1506 938 1557 Conditiones
975 1507 1110 1573 pacis
1150 1523 1262 1557 cum
1301 1507 1541 1558 Ruthenis
1583 1508 1711 1572 apud
1750 1509 1862 1559 Not.
1895 1509 1952 1559 B.
1986 1509 2045 1559 R.
2078 1525 2186 1576 cap.
2219 1510 2302 1561 IX.

391 1599 487 1655 „ut
525 1593 676 1643 duces
719 1599 768 1642 et
805 1593 1038 1658 primates
1077 1592 1203 1642 filios
1243 1609 1360 1643 suos
1401 1593 1451 1643 in
1493 1593 1690 1643 obsides
1729 1594 1925 1656 darent,
1968 1594 2305 1665 tributumque

390 1678 638 1728 annuatim
692 1678 1029 1744 persolverent
1079 1676 1153 1727 10
1203 1679 1350 1729 millia
1398 1694 1673 1728 marcarum
1732 1686 1795 1731 et·
1840 1680 2044 1746 insuper
2104 1680 2314 1744 victum‚'

390 1764 669 1814 vestitum
695 1770 744 1813 ct
762 1764 850 1813 alia
873 1764 1217 1826 necessaria;“
1253 1780 1365 1820 cum
1387 1764 1758 1815 Galliciensibus
1777 1770 1885 1831 cap.
1906 1766 2010 1816 XL:
2035 1766 2127 1816 tria
2156 1767 2306 1818 millia

390 1865 666 1900 marcarum
704 1850 891 1915 argenti
931 1858 980 1900 et
1010 1850 1244 1900 ducentas
1275 1866 1465 1899 marcas
1495 1849 1625 1912 auri3
1673 1857 1722 1901 et
1749 1858 1945 1902 vestes
1975 1851 2305 1904 nobilissimas

390 1942 490 1985 tam
520 1935 669 1995 Duci‚
716 1951 860 2000 quam
892 1935 1119 1985 omnibus
1150 1935 1294 1985 etiam
1325 1935 1619 1986 militibus
1655 1937 1780 1987 suis
1819 1935 2130 1988 condonavit.
2169 1939 2304 1989 Adde

393 2020 536 2086 epist.
588 2019 726 2085 Epis.
779 2020 1030 2086 Bojoariae
1072 2021 1131 2070 de
1174 2037 1218 2070 a.
1262 2018 1380 2070 900
1422 2021 1551 2086 apud
1581 2020 1854 2072 Hansitium
1897 2023 1954 2073 T.
1988 2023 2026 2074 l.
2072 2039 2123 2089 p.
2163 2021 2300 2075 176.

393 2105 716 2167 „donavimus
753 2105 846 2155 illis
885 2104 1144 2174 (Ungaris)
1183 2106 1365 2156 nullius
1402 2107 1646 2173 pretiosae
1683 2108 1941 2173 pecuniam
1985 2109 2303 2171 substantiae,

392 2192 479 2240 sed
509 2198 698 2241 tantum
727 2197 896 2241 nostra
925 2191 1082 2241 linea
1112 2191 1459 2242 vestimenta.“
1491 2192 1561 2242 De
1590 2193 1922 2258 imperialibus
1945 2194 2180 2257 vestibuS,
2215 2211 2313 2261 c0-7

391 2277 527 2327 ronis
559 2284 653 2327 cet.
686 2276 794 2327 vide
826 2277 894 2327 sis
926 2277 1097 2328 Const.
1125 2276 1313 2343 'Porph.
1347 2278 1406 2328 de
1437 2278 1566 2328 adm.
1602 2279 1723 2345 imp.
1765 2295 1874 2346 cap.
1906 2279 2036 2331 XIII.
2079 2287 2174 2331 cet.
2208 2303 2209 2308 ¹

1218 2425 1294 2564 ⁷§
1337 2491 1436 2548 49.

704 2640 1010 2702 Convivia,
1058 2639 1180 2691 ludi
1227 2640 1515 2691 militares
1561 2640 1994 2706 Hungarorum.

559 2787 661 2850 Ad
712 2789 918 2875 epulas
972 2788 1298 2852 laetissima
1343 2802 1678 2852 acroamata
1721 2789 2032 2875 Hungaris
2072 2814 2304 2879 quoque

391 2873 550 2935 sales
586 2874 1008 2959 joculatorum,
1069 2886 1129 2937 et
1178 2874 1428 2938 maxime
1472 2898 1715 2951 versus,
1768 2874 1829 2936 in
1857 2875 2034 2940 fortia
2069 2880 2303 2941 Ducum

390 2958 749 3045 militumque
806 2958 1066 3023 facinora
1117 2958 1376 3029 conditi„
1427 2963 1508 3022 Et
1564 2959 1709 3023 haec
1750 2959 1955 3047 lingua
2000 2965 2194 3051 patria
2239 2964 2302 3028 in

392 3044 657 3108 convivio
705 3043 947 3108 canendi
994 3044 1357 3108 consuetudo
1399 3044 1497 3108 diu
1531 3058 1741 3132 postea
1780 3069 2043 3134 quoque,
2090 3061 2149 3114 et
2180 3052 2300 3114 Ga-
2365 3078 2370 3089 ·

390 3131 575 3202 leotto
620 3130 842 3194 Martio
889 3143 1079 3205 teste,
1134 3131 1308 3194 etiam
1358 3130 1431 3194 ad
1467 3131 1687 3218 ‘regias
1728 3132 1991 3199 Mathiae
2055 3135 2298 3200 Corvini

391 3217 597 3303 epulas
635 3216 902 3281 obtinuit.
928 3222 976 3297 1)
1028 3215 1242 3280 Finitis
1277 3217 1590 3295 conviviis,
1633 3218 1856 3284 saltare
1893 3243 2090 3285 coram
2125 3217 2299 3285 Prin-

530 3386 576 3471 Ϊ)
621 3403 806 3455 Galeot.
847 3405 906 3454 de
944 3404 1165 3458 dictislet
1193 3405 1331 3455 factis
1362 3405 1570 3456 Mathiae
1598 3405 1657 3456 R.
1691 3421 1802 3472 cap.
1832 3405 1974 3457 XVII.
2021 3406 2155 3457 Idem
2184 3421 2298 3457 mo-
2372 3434 2384 3469 3

394 3503 496 3537 rem
528 3489 659 3538 hunc
689 3489 1019 3541 Romanorum
1052 3487 1323 3559 (veterum)
1355 3491 1504 3542 fuisse
1533 3498 1665 3542 recte
1695 3491 1926 3553 advertit3
1959 3497 2133 3542 testem
2165 3492 2293 3543 enim
