2384 3886
2021 187 2056 239 7

134 334 346 409 postea
390 320 749 399 videbimus)
790 318 1008 403 prima,
1071 316 1529 381 Schvandtnero
1598 320 2060 395 „Praedictus“,

134 405 462 468 Francisco
485 404 719 467 Adamo
741 401 977 477 Kollar,
1023 402 1181 486 quod
1217 402 1436 487 siglam
1459 401 1519 463 in
1544 424 1614 464 ea
1648 403 1837 465 latere
1862 404 2058 490 suspi-

137 490 409 566 cabatur,
441 484 920 572 interpunctione
940 508 1015 548 ex
1037 509 1147 548 suo
1172 486 1414 571 ingenio
1447 486 1647 549 addita
1677 490 1786 564 ‚,P.
1822 487 2058 550 dictus“

138 576 192 638 le
241 574 376 637 itur.
432 577 586 637 Utra
619 570 808 655 igitur
836 568 1010 632 alteri
1040 570 1636 655 praeferendavlectio
1669 571 1769 648 sit,
1800 571 2061 634 nondum

134 598 479 743 indagatum
517 677 655 718 esse
694 677 827 716 cum
869 653 1147 730 viderem,
1195 653 1270 717 ad
1310 654 1505 741 ipsum
1542 678 1721 718 manu
1751 656 2061 718 exaratum

134 742 394 806 codicem
449 739 608 801 hunc
650 738 912 801 invisere
959 738 1242 801 constitui
1284 738 1399 801 hoc
1442 739 1659 823 magis,
1716 741 1874 825 quod
1917 740 2062 803 illud

132 823 369 893 Kollari
415 827 554 909 jure
609 822 830 907 alioqui
885 822 1258 885 celeberrimi
1302 822 1376 885 de
1419 823 1601 884 nimia
1645 824 1909 887 auctoris
1954 825 2060 886 hu-

119 914 224 996 jus
266 908 590 984 modestia,
652 929 761 994 per
805 930 982 992 quam
1027 907 1304 970 evenisse
1354 907 1472 984 ait,
1528 920 1594 970 ut
1637 930 1757 970 non
1802 932 1870 970 se
1912 912 2061 970 Ma-

131 994 434 1079 g'istrum
476 992 880 1068 Notarium,
942 1014 1109 1055 more
1143 994 1271 1076 jam
1314 1003 1580 1078 recepte,
1649 991 1757 1054 sed
1802 992 2061 1054 dictum

130 1078 556 1163 Magistrum
602 1075 923 1152 scriberet,
987 1099 1224 1162 semper
1266 1074 1410 1138 mihi
1453 1099 1572 1139 non
1619 1075 1844 1138 serium
1889 1076 2062 1151 satis,

130 1186 314 1248 prope
360 1160 500 1238 dixi,
544 1160 931 1245 nugatorium
974 1159 1170 1222 visum
1194 1173 1315 1234 est3
1352 1160 1643 1246 judicium
1681 1174 1878 1224 autem
1910 1161 2062 1223 Belii

130 1258 360 1309 rectum
416 1244 653 1308 omnino
717 1255 777 1306 et
825 1244 1154 1320 sincerum,
1213 1245 1314 1329 qui
1362 1267 1496 1306 cum
1535 1246 1863 1308 Notarium
1902 1245 2062 1307 hunc

129 1329 507 1393 multifariam
536 1328 765 1402 laudat3
814 1340 1015 1391 tamen
1054 1328 1251 1413 aliquo
1284 1329 1463 1391 etiam
1493 1329 1786 1413 gloriolae
1817 1330 2061 1416 adsper-

129 1437 260 1477 sum
304 1414 524 1490 studio,
579 1412 840 1499 propriis
889 1416 1019 1498 ejus
1067 1413 1240 1476 docet
1284 1411 1487 1476 verbis
1518 1419 1584 1491 1).

267 1629 309 1688 1)
356 1627 493 1676 Sunt‘
520 1627 643 1676 haec
681 1627 744 1675 ad
782 1627 968 1677 calcem
1006 1625 1227 1692 prologi:
1276 1625 1410 1675 Felix
1457 1626 1605 1691 igitur
1645 1626 1924 1691 Hungaria,
1982 1630 2060 1678 cui

130 1711 258 1761 dona
291 1718 407 1761 sunt
438 1711 547 1760 data
577 1711 735 1772 varia3
791 1710 1078 1760 omnibus
1125 1711 1279 1760 enim
1310 1710 1480 1760 horis
1511 1711 1770 1775 gaudeat
1815 1712 1882 1761 de
1929 1729 2061 1763 mu—

129 1810 273 1844 nere
315 1795 409 1845 sui
446 1795 818 1855 literatoriS,
875 1795 1009 1860 quia
1053 1796 1363 1846 exordium
1403 1795 1800 1860 genealogiae
1841 1797 2056 1861 Regum

131 1895 377 1930 suorum
423 1884 479 1929 et
522 1878 828 1930 Nobilium
874 1879 1067 1929 hahet.

1023 2042 1166 2117 §a

865 2193 1318 2252 observatione,

299 2357 581 2440 Inspecto
627 2354 886 2440 penitius
934 2353 1169 2430 codice,
1233 2352 1390 2439 quod
1435 2353 1507 2416 de
1554 2377 1624 2416 eo
1670 2352 2061 2415 Cornidesius

131 2451 429 2515 testatur,
510 2439 688 2525 plena
762 2461 940 2500 manu
1014 2437 1226 2514 laud0,
1303 2438 1596 2535 cupioque
1661 2437 2062 2501 certissimum

130 2546 267 2585 esse
313 2522 614 2585 omnibus:
660 2524 1035 2610 „exemplum
1078 2523 1194 2586 hoc
1239 2546 1440 2609 operis
1483 2546 1602 2586 non
1649 2521 1912 2585 auctoris
1959 2545 2060 2583 au-

130 2606 516 2692 tographum,
580 2607 689 2669 sed
733 2631 809 2670 ex
851 2606 1258 2693 autographo,
1314 2608 1410 2669 vel
1456 2607 1656 2670 saltim
1701 2631 1784 2668 exo
1821 2618 2061 2668 vetusto

130 2691 326 2776 aliquo
368 2690 735 2777 apographO,
790 2715 909 2754 non
949 2692 1080 2754 sine
1117 2691 1348 2755 mendis
1385 2691 1679 2777 pluribuS,
1727 2693 1864 2752 Sec.
1903 2693 2063 2752 XIII

133 2788 438 2851 vertente,
501 2776 597 2838 vel
641 2775 883 2839 ineunte
928 2779 1116 2851 XIV,
1182 2775 1608 2862 exscriptum“.
1670 2773 1953 2850 Addere,
2008 2773 2063 2836 si

130 2860 270 2945 quid
301 2860 526 2946 judice,
571 2872 835 2946 poterat:
898 2859 1331 2947 exscriptorem
1360 2859 1592 2923 meliori
1623 2859 1815 2922 virum
1846 2858 2063 2934 anime,

130 2968 304 3028 quam
359 2944 604 3029 ingenio
661 2944 1018 3031 primitivam
1093 2968 1328 3030 quoque
1383 2943 1684 3008 salutandi
1749 2943 2063 3006 formulam

131 3028 456 3114 simplicem
490 3030 650 3090 illam
682 3043 761 3106 et,
793 3043 860 3092 ut
889 3030 1049 3092 inter
1087 3042 1405 3092 veteranos
1437 3029 1681 3106 amicOS,
1713 3028 2061 3090 familiarem

130 3113 517 3197 brevemque,
573 3114 999 3200 amplificasse,
1054 3137 1248 3200 neque
1291 3113 1554 3191 illorum,
1618 3113 1722 3176 sed
1772 3135 1917 3174 suae
1964 3134 2059 3173 ac-

131 3197 484 3260 comodasse
521 3200 722 3275 aetati,
780 3201 965 3263 Belae
993 3199 1507 3285 lV.>temporibus
1540 3197 1818 3261 citeriori.
1863 3196 2063 3258 Etiam

130 3281 298 3358 haec,
345 3304 497 3367 quae
543 3283 912 3346 clarissimus
957 3283 1358 3347 Endlicherus
1395 3283 1457 3345 in
1497 3281 1941 3369 prolegomenis
1987 3281 2063 3343 ad

131 3366 348 3428 librum
393 3389 525 3429 eum
563 3389 671 3453 per
706 3390 773 3430 se
809 3368 982 3431 novis
1020 3368 1181 3430 curis
1231 3367 1454 3432 editum
1490 3367 1735 3428 adnotat
1772 3365 2062 3452 „primam

133 3450 256 3514 solii
299 3451 512 3515 faciem
557 3450 919 3516 anteriorem
965 3476 1208 3532 vacuam
1255 3452 1544 3527 relictam,
1603 3449 1676 3513 ad
1723 3473 1857 3513 eum
1902 3450 2062 3513 haud
