2384 3886
375 194 459 250 96

376 340 745 404 tenerentur,
781 339 841 389 et
860 325 1338 412 periclitantibus
1362 325 1615 404 demum,
1651 329 1876 389 Hunno
1904 330 2148 392 Avares
2173 328 2314 391 sub-

375 412 649 475 venirent
698 434 813 496 quo
858 411 1128 497 profecta
1161 411 1327 474 fonte
1360 411 1470 488 sit,
1528 435 1603 474 ex
1653 410 1829 474 dictis
1868 410 2087 497 liqvido
2123 425 2309 499 patet.

373 497 782 562 Laudavimus
807 518 939 559 eam
969 507 1269 582 tamquam
1295 497 1479 560 rebus
1504 495 1733 560 nostris
1762 496 1856 559 vel
1886 495 2183 583 inprimisss
2218 521 2317 560 sa-

376 584 656 655 lutarem3
709 580 1001 666 reliquum
1049 594 1174 659 est,
1215 593 1283 643 ut
1326 581 1670 644 institutum
1709 581 1823 645 hoc
1852 603 1960 667 per
1987 583 2316 669 Imperato-

373 692 475 731 res
520 665 899 752 Byzantinos
929 666 1004 729 ab
1035 665 1133 729 his
1167 665 1512 754 adoptatum
1541 666 1881 754 probemus,
2273 670 2285 672 ”

376 939 670 1005 capiendum
690 938 1067 1003 adgrediebant:
1102 938 1179 987 sin
1204 945 1367 988 autem
1395 937 1587 987 Uvinidi
1609 938 1988 1001 superabantur,
2025 938 2317 990 Chunorum

374 1025 550 1075 auxilio
585 1024 691 1073 fulti
721 1024 848 1073 vires
879 1023 1214 1072 resumebant.
1263 1023 1380 1071 Ideo
1412 1021 1592 1070 besulci
1622 1022 1926 1072 vocabantur
1954 1039 1981 1072 a
2013 1025 2202 1074 Chunis
2235 1033 2314 1086 eo,

375 1110 506 1176 quod
526 1108 708 1172 duplici
726 1109 777 1157 in
799 1108 1151 1171 congressione
1180 1106 1463 1155 certaminis
1490 1106 1664 1155 vestita
1691 1107 1873 1170 praelia
1900 1108 2141 1158 <facientes
2172 1116 2318 1159 ante

376 1196 620 1245 Chunos
650 1192 1109 1256 praecederent.
1155 1190 1300 1255 Greg.
1334 1190 1428 1255 Ep.
1465 1191 1583 1240 Tur.
1619 1206 1700 1256 op.
1737 1207 1837 1242 om.
1874 1191 2027 1242 Paris.
2053 1210 2100 1243 a.
2133 1191 2314 1244 1699.

375 1295 425 1343 p.
457 1276 596 1327 627.
639 1276 824 1325 Eadem
858 1283 974 1340 post
1005 1276 1355 1340 Fredegarium
1388 1275 1559 1326 scribit
1588 1276 1825 1326 Aimonus
1857 1277 2065 1328 Floriac.
2089 1279 2139 1328 in
2160 1279 2325 1344 gestis.

376 1365 682 1412 Francorum
722 1360 755 1410 l.
790 1355 848 1410 4.
898 1376 943 1411 c.
981 1358 1036 1411 9.
1093 1361 1210 1411 Vide
1252 1361 1398 1437 etiam
1434 1361 1642 1411 Muchar
1680 1361 1977 1412 Geschichte
2008 1364 2098 1414 der
2128 1363 2319 1414 Steier-

372 1447 538 1507 mark,
582 1447 643 1496 11.
684 1462 735 1511 p.
772 1443 871 1495 20.

1249 1610 1292 1684 g
1337 1613 1438 1668 34.

400 1792 508 1842 per
538 1776 944 1841 Imperatores
976 1789 1212 1840 quoque
1243 1774 1612 1839 Byzantinos
1644 1776 1939 1843 deinceps
1971 1779 2287 1844 adoptata.
2320 1825 2365 1832 Α.

423 2001 426 2002 ⁷
544 1937 767 1997 Partes
802 1933 940 2019 lege
981 1933 1094 1996 hac
1133 1934 1486 2020 assignatae
1521 1933 1920 2021 scriptoribus
1956 1937 2331 2022 Byzantinis¹

373 2032 619 2108 partes
666 2018 994 2104 obsequii
1048 2019 1342 2107 dicuntur.
1420 2024 1513 2083 Ita
1573 2022 1947 2085 Anastasius
1991 2022 2324 2087 Bibliothe-

374 2105 572 2168 carius
614 2104 686 2167 de
735 2104 1084 2167 Justiniano
1117 2127 1464 2190 „exurgens
1495 2118 1695 2168 autem
1726 2129 1918 2192 usque
1931 2107 2325 2172 Thessaloni-

375 2214 508 2256 cum
563 2189 838 2276 copiosas
876 2189 1288 2254 multitudines
1317 2190 1702 2254 Slavinorum
1742 2192 1959 2278 partim
1993 2193 2150 2258 bello
2187 2216 2320 2280 per-
2364 2221 2375 2228 *

375 2276 560 2363 cepit,
607 2274 824 2362 partim
858 2298 992 2337 cum
1036 2274 1111 2338 ad
1154 2299 1222 2338 se
1263 2276 1662 2354 confluerent,
1710 2276 1780 2339 in
1817 2279 2159 2366 partibus
2203 2278 2331 2342 oli-⁶

375 2359 636 2445 sequii‚
685 2382 818 2421 cum
854 2382 963 2445 per
989 2359 1280 2445 Abydum
1308 2361 1801 2438 transfretasset,
1849 2363 2223 2431 constituit.“
2273 2371 2321 2443 1)

375 2444 692 2530 Loquendi
725 2444 979 2506 formula
1013 2445 1163 2508 haec
1195 2445 1481 2508 Romanis
1520 2446 1991 2510 occidentalibus
2026 2472 2142 2511 usu
2173 2472 2320 2510 nun-

375 2553 550 2616 quam
578 2529 854 2614 cognita‚
891 2531 1048 2616 apud
1077 2530 1399 2593 orientales
1436 2555 1554 2593 non
1582 2545 1720 2595 ante
1755 2533 2024 2595 seculum
2063 2547 2320 2610 sextum,
2381 2547 2383 2549 ’

374 2628 437 2678 at
485 2637 629 2678 vero
680 2626 807 2677 tum
847 2614 931 2677 ita
980 2615 1309 2693 increbuit,
1366 2629 1432 2678 ut
1467 2616 1623 2703 apud
1652 2617 1794 2694 hoS,
1841 2621 2218 2705 Hunnosque
2262 2631 2323 2681 et

373 2698 740 2763 Varchunos
784 2722 894 2785 par
927 2700 1088 2764 illius
1129 2713 1295 2763 esset
1330 2700 1422 2762 vis
1458 2715 1518 2764 et
1553 2702 1868 2765 sententia.
1926 2706 2118 2779 „Cum
2158 2725 2320 2780 vero,

375 2784 494 2860 ait,
556 2784 994 2847 Constantinus
1037 2784 1659 2871 Porphyrogenneta‚
1705 2787 1983 2872 Agareni
2020 2791 2321 2851 Romanos

374 2869 531 2932 bello
582 2868 904 2946 infestare,
970 2893 1292 2957 eorumque
1347 2870 1600 2935 ditiones
1660 2885 1720 2935 et
1766 2871 1950 2935 urbes
2004 2872 2322 2936 devastare

375 2965 731 3041 coeperunt,
790 2954 986 3016 conati
1038 2967 1181 3016 sunt
1220 2957 1625 3040 Imperatores
1649 2964 1876 3036 (aetate
1904 2956 2190 3020 Belizarii
2217 2981 2321 3044 po-

375 3039 695 3119 steriores)
717 3062 902 3101 unum
926 3039 1249 3126 Imperium
1280 3038 1340 3100 in
1380 3040 1635 3125 exiguas
1659 3041 1968 3128 portiones
1995 3042 2313 3123 (themata)

372 3125 626 3212 partiri3
700 3123 1018 3210 themaque
1093 3124 1383 3188 orientale
1447 3139 1756 3211 quartum,
1827 3129 2062 3214 pergit,
2110 3128 2320 3191 obse-

375 3211 612 3296 quium
643 3210 1015 3296 appellatum
1064 3209 1219 3294 quod
1247 3210 1476 3296 populi,
1526 3211 1626 3297 qui
1660 3211 1731 3275 de
1767 3212 1882 3276 hoc
1912 3214 2154 3277 fuerunt
2191 3212 2317 3277 the-

514 3482 559 3547 l)
607 3483 661 3530 In
693 3482 808 3532 hist.
846 3498 933 3532 sua
964 3482 1158 3534 Eccles.
1194 3484 1321 3533 edita
1351 3483 1506 3534 Paris.
1540 3484 1601 3534 ad
1631 3501 1681 3549 p.
1726 3483 1864 3534 115.
