2384 3886
414 208 536 264 312

419 346 656 409 testatis
704 342 1076 428 legislativae
1139 343 1298 405 circa
1341 346 1530 406 Sacra
1579 345 2062 430 Apostolicorum
2085 348 2316 433 Regum

413 427 762 514 Hungariae
797 426 1103 501 disseruit3
1149 427 1281 505 sed,
1313 429 1411 515 qui
1441 428 1574 495 dum
1608 430 1778 515 leges
1821 428 2125 517 quaspiain
2181 443 2318 494 ante

410 519 639 599 Regem
694 511 1171 598 sigismundum,
1236 536 1365 576 cum
1414 537 1709 578 consensu
1755 514 1954 601 populi
2003 516 2173 602 apud·
2206 540 2318 580 nos

410 600 670 685 perlatas
698 621 864 674 esse,
911 598 1108 684 specie
1135 597 1460 663 dubitantis
1494 612 1704 686 negat,
1733 608 1777 681 ι)
1807 623 2014 688 parum
2046 602 2318 666 recorda-

409 697 536 748 tur:
588 687 916 769 Hungaros
961 684 1173 764 (verba
1215 688 1346 771 ejus
1386 686 1625 772 propria
1653 692 1703 766 2)
1748 692 1916 766 sunt)
1952 709 2060 774 per
2085 689 2318 750 Panno-

409 773 541 832 nias
577 792 875 855 nunquam
906 768 981 832 iis
1015 770 1254 856 legibus
1293 794 1362 832 ac
1403 770 1544 858 reip.
1582 772 1770 835 forma
1813 795 1958 835 usos
2001 795 2162 849 esse,
2214 794 2321 860 per

410 878 584 942 quam
628 858 832 940 Reges
875 853 946 932 de
974 878 1165 945 regno
1197 868 1255 918 et
1286 857 1500 942 populo
1524 859 1662 942 jure
1700 871 1760 921 et
1790 858 1954 921 libito
1983 880 2093 921 suo
2119 857 2320 922 decer-

409 964 552 1005 nere
572 941 928 1028 potuissent.
967 944 1033 1003 N
1036 963 1105 1003 ec
1129 940 1279 1002 satis
1307 938 1490 1004 verha
1513 942 1790 1028 expendit
1809 967 1916 1007 seu
1935 943 1987 1007 d.
2011 943 2321 1033 Stephani,

411 1027 509 1113 qui
536 1028 729 1124 legem
764 1030 1142 1091 Decretum
1177 1025 1470 1112 Regalis
1501 1029 1802 1091 Concilii
1840 1030 2186 1117 appellat,³)
2212 1051 2321 1093 seu

414 1112 833 1199 Compllatoris
880 1114 1274 1177 Decretorum
1321 1135 1368 1174 s.
1408 1112 1708 1192 Ladislai‚
1763 1114 1917 1200 aqud
1963 1138 2135 1201 quem
2176 1118 2322 1179 Rex

419 1212 489 1262 et
514 1198 738 1262 totius
770 1197 1182 1282 Hungariae
1216 1196 1586 1286 Principes
1613 1213 1680 1263 et
1704 1199 2107 1279 decernunt,
2136 1214 2197 1265 et
2223 1202 2320 1265 le—

406 1307 560 1370 gem
589 1283 1118 1363 constituunt34)
1165 1305 1274 1345 seu
1307 1283 1556 1371 denique
1595 1286 1939 1349 Colomanni
1969 1287 2186 1373 Regis,
2228 1287 2322 1350 cui

405 1372 503 1433 lex
542 1381 663 1446 est,
711 1367 864 1455 quod
908 1369 1240 1431 communi
1290 1371 1606 1434 Consilio
1657 1384 1725 1435 et
1769 1371 1947 1459 Regi
1995 1374 2320 1459 placet.⁵)

405 1456 577 1535 Quod
607 1453 762 1517 enim
790 1458 1000 1540 Geyza
1024 1458 1101 1517 ΙΙ.
1132 1455 1322 1518 literis
1355 1455 1425 1518 de
1460 1480 1511 1518 a.
1541 1464 1706 1520 1148
1744 1457 1824 1521 de
1854 1456 2078 1522 totius
2114 1459 2322 1544 regni

407 1543 520 1605 sui
556 1563 814 1605 consen
827 1564 932 1615 su3
979 1563 1029 1603 a.
1061 1548 1227 1604 1158
1258 1541 1329 1605 de
1364 1541 1626 1606 Consilio
1656 1555 1716 1607 et
1746 1565 2043 1608 consensu
2077 1547 2322 1608 suorum

405 1627 784 1726 Principum
840 1628 1153 1690 Mai-tirius
1206 1627 1542 1715 Episcopus
1595 1651 1646 1690 a.
1693 1635 1859 1693 1156
1920 1630 2006 1694 de
2057 1640 2084 1694 t
2105 1629 2321 1694 otius

405 1736 642 1863 relgnl
689 1735 1035 1776 assensu
1082 1725 1413 1790 testantur,
1467 1718 1678 1800 ignota
1723 1715 1777 1778 ei
1819 1714 2008 1780 fuisse
2049 1716 2322 1783 dubitare

407 1823 481 1863 no
507 1824 599 1863 1111.

543 1991 586 2049 1)
634 1987 728 2052 Op.
762 1988 844 2036 cit.
878 2003 928 2052 p.
965 1983 1062 2035 35.

539 2075 585 2134 2)
631 2073 687 2122 In
715 2072 800 2122 lib.
835 2072 894 2121 de
919 2071 1030 2137 jure
1060 2070 1257 2124 Patron.
1291 2072 1411 2138 Reg.
1446 2073 1607 2138 Hung.
1642 2089 1693 2139 p.
1731 2071 1825 2134 59,
1864 2071 1960 2126 99.

540 2160 587 2219 3)
632 2157 775 2210 Decr.
808 2158 842 2207 l.
876 2157 937 2206 ΙΙ.
973 2173 1081 2222 cap.
1121 2154 1214 2208 19.
1257 2158 1392 2207 Idem
1425 2165 1567 2208 sonat
1595 2158 1857 2210 Decretum
1887 2159 2080 2224 Regalis
2111 2159 2317 2211 Senatus

403 2245 518 2295 ibid.
554 2261 598 2295 c.
639 2237 715 2293 14
750 2250 798 2294 et
826 2242 1088 2293 Decretum
1121 2244 1392 2294 secundum
1422 2244 1651 2309 Regalem
1683 2244 1935 2295 Senatum.

535 2332 583 2392 4)
629 2329 773 2378 Decr.
806 2329 840 2379 l.
874 2328 935 2378 ΙΙ.
971 2344 1077 2393 cap.
1117 2325 1169 2378 1.
1211 2329 1316 2379 Hoc
1349 2330 1694 2392 decreverunt3
1735 2331 1862 2380 hanc
1891 2330 2049 2396 legem
2079 2330 2314 2382 tulerunt.

538 2418 584 2477 5)
629 2415 773 2464 Decr.
807 2414 839 2464 l.
872 2414 910 2464 Ι.
946 2430 1054 2479 cap.
1091 2411 1142 2463 1.
1183 2414 1360 2466 Albric.
1394 2416 1444 2465 in
1475 2415 1629 2465 Praef.
1663 2415 1855 2466 Decreti
1885 2415 2033 2482 hujus
2062 2415 2196 2481 leges
2229 2415 2317 2466 Se-

404 2502 592 2562 natoria
623 2501 773 2554 totius
804 2500 942 2565 regni
974 2500 1166 2549 decreta
1199 2507 1353 2551 vocat.
1400 2501 1534 2551 Valet
1563 2501 1711 2566 igitur
1741 2503 1800 2552 de
1831 2501 1927 2552 LL.
1962 2517 2156 2568 quoque
2184 2501 2318 2552 hun*

404 2588 578 2654 garicis
622 2586 740 2636 illud
779 2586 890 2635 Car.
933 2585 1049 2635 calvi
1089 2585 1138 2637 in
1176 2586 1350 2641 Edicto
1391 2587 1627 2636 Pistensi:
1668 2587 1824 2653 legem
1866 2603 2110 2639 consensu
2149 2588 2315 2654 populi

404 2675 525 2735 fieri,
560 2680 608 2723 et
638 2672 986 2723 constitutione
1017 2671 1182 2736 Regia.
1226 2672 1296 2722 Ita
1327 2689 1439 2723 vero
1465 2672 1567 2737 jam
1600 2689 1640 2722 5.
1677 2674 1848 2739 Steph.
1881 2674 2033 2738 legeS‚
2066 2689 2186 2738 quas
2216 2673 2318 2724 De-

405 2766 592 2813 cretum
623 2758 798 2823 regalis
830 2758 1037 2809 Senatus
1070 2757 1209 2818 dixit,
1251 2758 1428 2824 Regale
1460 2759 1720 2809 Decretum
1753 2776 1796 2809 6.
1835 2758 1939 2819 20,
1975 2757 2052 2808 28
2085 2760 2311 2824 appellat.

406 2844 591 2903 Quibus
629 2844 772 2915 plene
811 2850 1194 2899 consentaneum
1227 2850 1324 2904 est,
1369 2844 1501 2913 quod
1531 2844 1672 2897 Verb.
1706 2844 1759 2894 P.
1794 2845 1854 2894 ΙΙ.
1888 2845 1962 2896 tit.
1991 2841 2024 2895 3
2058 2838 2311 2911 praecipit.

1236 3054 1484 3129 5115..

1035 3206 1438 3258 similitudine
1480 3206 1678 3265 (10661,

567 3354 819 3417 Comitia
839 3354 1218 3419 vetusissimo
1252 3354 1405 3441 apud
1425 3378 1532 3419 nos
1556 3379 1689 3431 usu,
1723 3378 1828 3442 pro
1860 3377 2102 3418 numero
2144 3353 2303 3441 Opti-f

401 3453 649 3517 matum,
702 3444 799 3526 qui
846 3464 953 3527 per
994 3443 1220 3527 Regem
1267 3441 1479 3504 conciti
1529 3453 1697 3517 sunt,
1754 3442 1811 3501 in
1841 3438 2307 3527 particularia

404 3537 468 3587 et
496 3526 856 3609 generalia
889 3525 1102 3603 divisa,
1138 3525 1273 3590 dum
1295 3527 1427 3590 aula
1453 3530 1687 3611 Regum
1714 3524 2099 3588 ambulatoria
2122 3537 2301 3598 esset,
