2384 3886
369 214 450 270 82

374 347 836 437 appellaverint,
873 342 927 405 si
952 342 1238 417 dixisset3
1285 366 1398 407 nae
1430 343 1531 406 iile
1560 364 1686 404 rem
1725 342 1900 405 nobis
1940 357 2177 431 gratam
2209 343 2308 409 ad-

373 433 607 496 modum
627 480 643 509 ,
682 430 742 493 id
769 450 1021 513 namque
1054 427 1459 514 praestiturus
1494 439 1655 504 erat,
1691 439 1759 489 ut
1794 450 1915 491 non
1944 428 2086 492 mihi
2117 431 2310 494 solum

372 516 678 581 indubium
696 563 712 592 ‚
772 535 980 576 verum
1026 512 1301 576 omnibus
1345 512 1806 576 testatissimum
1860 525 2054 577 esset:
2112 537 2310 600 quem-

374 602 686 667 admodum
738 599 1079 661 institutum
1128 596 1244 661 hoc
1283 596 1520 684 populis
1586 596 1832 682 generis
1885 599 2081 662 nostri
2155 621 2311 662 com-

375 710 570 763 mune,
617 684 708 746 sic
738 707 993 772 prorsus
1021 681 1503 769 antiquissimum
1529 705 1746 745 nomen
1767 683 2079 761 Kalauz‚
2114 690 2163 764 1)
2195 706 2313 770 quo
2370 756 2376 761 0

377 772 509 835 viae
550 770 734 833 duces
777 767 1073 854 hodieque
1102 790 1410 844 vocamuS,
1447 790 1563 829 usu
1586 769 1713 853 jam
1749 767 1906 853 apud
1940 772 2196 831 Hunnos
2229 767 2313 830 vi-

376 856 606 943 guisse.
670 858 767 917 Ex
823 877 938 940 quo
1005 851 1216 916 deinde
1263 852 1648 914 vernaculum
1695 864 1971 915 nostrum
2015 851 2314 916 kalezolni

377 941 633 1023 (circum
663 939 919 1019 circare)
961 950 1022 1001 et
1056 938 1335 1000 caleses
1365 936 1717 1012 barbarum,
1759 937 1917 1022 quod
1954 960 2161 1001 remne
2190 936 2316 1000 ina-

378 1026 626 1102 nimam,
674 1048 749 1088 an
771 1027 1140 1110 jumentum,
1175 1022 1271 1084 sin
1306 1020 1631 1097 hominem,
1676 1033 1736 1083 et
1772 1021 1827 1083 si
1853 1021 1967 1085 ita:
2003 1045 2179 1110 quem
2195 1034 2315 1086 ter-

378 1134 483 1175 rae
519 1110 732 1188 filium,
786 1107 867 1171 ad
897 1104 1363 1192 adjuvandum
1406 1105 1547 1168 iter
1584 1103 1930 1191 singificew
1974 1106 2038 1169 in
2078 1108 2317 1194 glossa-

377 1197 486 1259 riis
514 1195 674 1258 inter
700 1205 979 1256 auctores
1002 1203 1234 1254 tantum
1261 1189 1505 1276 linguae
1531 1187 1902 1276 hungaricae
1937 1194 2134 1256 minus
2163 1191 2317 1280 peri-

376 1293 476 1344 tos
505 1278 724 1343 certari
761 1283 814 1358 2)
850 1288 1068 1363 potest.

517 1494 560 1553 ¹)
605 1490 723 1540 Vide
754 1489 873 1540 illud
903 1490 1036 1555 apud
1076 1489 1394 1541 Kresznerics
1436 1491 1486 1541 in
1527 1489 1634 1556 ejus
1673 1506 1872 1557 magyar
1914 1491 2102 1542 Szotar.
2154 1490 2322 1542 Gene-

376 1577 581 1627 rationis
621 1575 764 1625 Kalez
806 1575 1098 1625 memoriam
1139 1575 1309 1625 literae
1349 1576 1406 1626 C.
1448 1575 1508 1625 D.
1541 1575 1643 1626 Vll.
1683 1593 1729 1626 v.
1768 1573 1823 1626 5.
1867 1591 1981 1643 pag.
2022 1571 2161 1628 103.
2195 1592 2324 1627 con-

378 1667 590 1713 servant.
646 1660 721 1709 Ex
758 1659 919 1710 verbis
957 1675 1074 1709 vero
1115 1660 1346 1710 Matthiae
1389 1660 1586 1710 Corvini
1617 1660 1679 1710 ad
1709 1660 1966 1713 Galeotum
1998 1657 2159 1730 (apud
2189 1661 2323 1712 hunc

378 1748 542 1812 ipsum
574 1761 683 1810 cap.
720 1741 831 1813 28)
864 1760 1085 1807 „currus
1116 1751 1164 1795 et
1195 1745 1512 1807 ductoreS,
1556 1746 1898 1812 pecuniaeque
1929 1753 1979 1797 et
2015 1752 2324 1797 commeatus

378 1831 471 1881 sihi
498 1830 779 1882 dabantur“
806 1836 967 1895 patet,
1009 1830 1184 1880 avitam
1215 1829 1344 1880 hanc
1374 1830 1651 1896 peregrinis
1682 1831 1998 1882 Kalauzios
2031 1831 2323 1897 adsignandi

378 1915 814 1977 consuetudinem,
857 1915 1026 1965 seculo
1059 1915 1206 1965 etiam
1235 1915 1335 1965 XV.
1368 1915 1501 1981 apud
1531 1915 1795 1981 Hungaros
1825 1916 2073 1967 floruisse.

512 2018 560 2077 2)
589 2015 708 2065 Vide
748 2029 920 2064 vocem
956 2014 1193 2065 Calesis
1231 2015 1282 2064 in
1315 2015 1479 2065 Gloss.
1521 2016 1586 2066 du
1624 2015 1816 2066 Fresnii
1847 2015 2025 2082 digest.
2059 2030 2151 2082 per
2180 2015 2321 2066 Heu--

380 2099 620 2151 schelium
651 2115 697 2150 a.
738 2094 919 2150 1841.
953 2099 1097 2150 aliam
1127 2100 1243 2150 item
1278 2099 1575 2162 „Calinus
1606 2101 1859 2151 minor.“

1234 2310 1297 2386 ’ὃ
1347 2312 1443 2370 17.

986 2475 1176 2526 Atilae
1206 2476 1269 2526 in
1300 2477 1703 2542 alienigenaS‚

552 2624 934 2722 Onesegius‚
996 2623 1095 2710 qui
1145 2623 1469 2687 secundum
1527 2624 1756 2688 Atilam
1803 2625 2121 2712 plurimum
2167 2647 2203 2688 a
2245 2623 2341 2690 ud,

381 2713 636 2772 Hunnos
687 2709 902 2796 oplbus
946 2721 1006 2772 et
1033 2709 1392 2773 auctoritate
1448 2716 1496 2790 1)
1534 2709 1830 2797 pollebat,
1875 2710 2180 2796 fraterque
2202 2646 2323 2773 liiu-

371 2797 478 2880 jus
518 2797 732 2856 Scotta
776 2792 1078 2880 praecipui
1133 2794 1341 2858 Atilae
1391 2794 1547 2859 bello
1602 2807 1663 2858 et
1712 2817 1861 2880 paee
1916 2795 2323 2869 consultores;

382 2890 754 2941 secretorum
787 2890 1103 2964 praeterea
1121 2927 1137 2956 ‚
1184 2879 1658 2965 scriniorumque
1699 2879 1910 2942 arbitri
1943 2902 2151 2943 omnes
2169 2929 2186 2958 ,
2231 2892 2323 2944 ut-

381 2976 549 3050 pote:
597 2964 881 3039 OresteS,
914 2962 1030 3026 duo
1065 2963 1436 3041 Constantii,
1473 2976 1652 3051 atque
1687 2964 1943 3028 Rusticii
1974 2965 2158 3046 (Belii
2187 2978 2326 3030 utor

380 3047 613 3128 verbis)
645 3051 780 3110 αλλο
814 3050 982 3133 φυλοι
1014 3048 1337 3126 exstitere,
1375 3048 1635 3136 professi
1657 3049 1882 3135 palam:
1927 3050 2218 3138 potiorem
2256 3073 2324 3114 se

381 3131 598 3197 ducere
645 3131 802 3220 apud
852 3131 1082 3196 Atilam
1135 3133 1521 3212 servitutem,
1585 3157 1762 3220 quam
1830 3136 1987 3223 apud
2021 3139 2324 3200 Romanos

380 3218 664 3303 ingentes
726 3241 890 3305 opes,
946 3224 999 3297 2)
1063 3218 1305 3283 Laudat
1359 3218 1508 3283 haec
1555 3219 1794 3283 Belius:
1854 3245 1973 3307 ego
2027 3243 2174 3286 vero
2220 3219 2323 3283 ad-

527 3404 570 3463 l)
615 3403 771 3454 Prisc.
805 3403 839 3454 l.
873 3420 918 3454 c.
954 3418 1063 3470 cap.
1092 3402 1145 3455 2.
1180 3410 1210 3465 §
1239 3401 1332 3455 13.

521 3488 568 3546 2)
615 3488 736 3539 lbid.
771 3494 801 3549 ἓ
836 3487 930 3540 16.
