2384 3886
1884 195 2008 253 349

0 393 4 412 ‚f
99 332 206 395 sed
255 332 392 395 dato
434 333 715 396 ulteriore
757 331 850 393 sui
900 332 1220 395 excusandi
1261 336 1481 420 spatio,
1528 334 1579 396 si
1624 333 1732 397 hac
1778 357 2009 420 quoque

98 417 465 503 indulgentia
488 419 734 494 abusuS,
768 415 899 478 aliis
926 417 1133 479 mediis
1156 418 1392 504 probari
1420 442 1586 497 reus,
1634 443 1807 506 quam
1833 443 2009 507 spon—

0 536 3 564 ;
76 509 274 566 ’ῑᾶηθει
332 503 702 567 consessione
758 501 943 564 videri
988 502 1162 564 etiam
1213 507 1526 590 poenitens
1573 505 1815 582 maluit,
1883 518 2009 569 tum

0 590 7 614 ³²
98 588 329 651 demum
381 613 511 652 eum
555 589 728 674 pleno
777 586 965 683 rigori
1016 587 1215 672 legum
1261 590 1543 653 committi
1587 591 1903 688 praecepit.
1955 598 2010 672 ⁴)

98 678 270 760 Lege
307 673 504 760 itaque
552 673 897 735 Colomannl
938 696 1055 735 non
1106 671 1334 758 quidem
1385 675 1528 737 nihil
1572 677 1839 754 Ecles1a,
1903 677 2010 741 sed

98 768 193 839 (ut
247 759 448 845 magni
485 757 674 845 Regis
711 780 1009 843 agnoscas
1053 758 1431 845 sapientiam)
1476 760 1821 824 beneficium
1854 762 2010 847 asyli

0 851 10 890 ἕ
98 868 207 907 sua
243 844 451 931 cuique
483 844 664 920 fides,
718 855 777 907 et
816 843 1080 929 reliquus
1129 868 1163 906 a
1202 867 1345 906 casu
1392 842 1645 909 humano
1697 847 2010 934 probitatis

0 947 7 961 ⁹
97 953 316 994 sensus
378 928 552 993 dedit.
619 932 843 992 Aetate
891 929 1110 993 conditi
1159 930 1410 1015 Regesti
1455 931 1850 995 Varadiensis
1888 937 2011 1019 jam

98 1016 273 1080 etiam
311 1040 346 1078 a
378 1017 536 1079 ferro
563 1015 727 1078 fatali
761 1014 956 1078 adusti
987 1016 1084 1102 qui
1111 1016 1371 1091 fuerant,
1420 1015 1472 1077 si
1500 1015 1560 1078 in
1587 1018 1879 1081 Eclesiam
1917 1042 2010 1080 re-

97 1102 428 1188 fugissent,
475 1125 510 1163 a
539 1101 799 1187 periculo
831 1101 988 1164 vitae
1017 1125 1085 1163 ac
1120 1101 1565 1165 mutila-tione
1607 1103 1850 1189 integri,
1881 1105 2011 1167 Ori-

97 1210 230 1251 men
254 1211 362 1275 pro
395 1188 586 1273 gradu
611 1195 765 1270 ejus,
797 1187 1018 1250 furtum
1042 1187 1368 1273 speciatim,
1394 1186 1445 1249 si
1462 1190 1585 1274 jam
1610 1189 1670 1250 in
1698 1202 2011 1253 consuetu-

96 1272 290 1337 dinem
325 1273 530 1345 vertit,
581 1273 771 1336 civilis
806 1273 1057 1360 suplicio
1084 1274 1320 1350 mortiS,
1373 1276 1663 1339 servitute
1690 1275 2012 1356 luebant.5)

204 1457 278 1528 4)
323 1461 439 1510 Vide
470 1461 626 1526 legem
659 1460 765 1527 ejus
795 1461 879 1510 lib.
913 1461 949 1510 I.
985 1477 1029 1511 c.
1067 1455 1162 1511 84.

230 1543 279 1614 5)
328 1546 509 1597 Confer
539 1563 649 1597 cum
682 1547 759 1596 his
792 1562 987 1597 causam
1020 1547 1139 1611 Reg.
1174 1547 1343 1596 Varad.
1380 1561 1428 1595 n.
1468 1543 1583 1596 189
1619 1546 1894 1597 deductam.

323 1798 385 1853 B.
445 1801 533 1855 De
568 1798 1024 1873 jurisdictione
1065 1798 1304 1855 forensi
1347 1799 1780 1854 praelatorum

943 1999 984 2076 g
1030 2002 1169 2058 152.

564 2155 620 2203 in
667 2169 894 2203 sacram
939 2161 996 2203 et
1041 2152 1272 2202 civilem
1320 2152 1529 2202 divisa:

266 2302 699 2378 Praelatorum,
744 2325 853 2364 seu
888 2313 954 2363 ut
987 2300 1038 2362 d.
1066 2298 1409 2387 Stephanus
1446 2298 1721 2384 loquitur,
1765 2299 2008 2363 Ordinis

94 2390 448 2452 Pontificum
483 2386 824 2475 jurisdictio
862 2386 1120 2449 forensis
1156 2408 1230 2447 ex
1267 2384 1541 2447 instituto
1584 2387 1713 2470 ejus
1758 2383 2005 2472 duplicis

96 2488 224 2540 erat
259 2473 532 2561 generis:
579 2496 751 2536 sacra
786 2486 844 2536 et
876 2470 1100 2548 civilis,
1146 2470 1410 2557 haecque
1444 2493 1657 2531 rursus
1692 2471 1785 2534 vel
1818 2471 2007 2534 curia-

94 2561 201 2636 lis,
242 2583 392 2647 quae
420 2560 480 2622 in
506 2559 758 2636 liberos,
799 2557 1043 2635 milites,
1078 2556 1304 2629 nobiles
1341 2555 1736 2629 Eclesiarum3
1782 2556 1876 2619 vel
1907 2556 2006 2619 do-

95 2646 343 2722 minica,
390 2647 450 2708 in
490 2646 751 2709 Colonos
795 2667 946 2731 quae
989 2643 1405 2719 exercebatur,
1457 2640 1840 2728 hominesque
1872 2666 2006 2705 con-

22 2776 35 2780 -
96 2731 335 2795 ditionis
371 2732 675 2796 obnoxiae.

934 2937 976 3014 §
1025 2938 1161 2996 153.

444 3089 521 3141 Ad
566 3104 791 3141 sacram
838 3090 1247 3156 pertinebant:
1311 3084 1362 3138 1.
1413 3082 1652 3139 Clerici.

269 3239 512 3306 Ordinis
546 3239 903 3303 Pontificum
923 3235 1323 3325 jurisdictioni
1351 3234 1638 3298 suberant
1657 3255 1879 3311 omneS,
1910 3234 2009 3319 qui

98 3346 204 3412 per
237 3336 545 3388 tonsuram
583 3324 641 3387 in
682 3337 901 3388 sortem
951 3321 1190 3386 Domini
1226 3321 1602 3386 vocabantur.
1629 3325 1677 3399 1)
1723 3315 1893 3396 Quod
1918 3330 2006 3382 ta-

237 3506 281 3577 1)
329 3510 376 3557 S.
414 3510 583 3575 steph.
617 3511 647 3559 1.
684 3509 720 3559 1.
771 3526 877 3574 cap.
916 3506 969 3558 3.Υ
1003 3514 1031 3567 §
1062 3503 1116 3556 lt.
1153 3514 1199 3555 et
1231 3524 1270 3556 s.
1306 3506 1423 3555 Lad.
1461 3502 1489 3552 Ι.
1525 3501 1607 3551 lll.
1642 3517 1685 3551 c.
1722 3499 1818 3551 25.
