2384 3886
1856 188 1980 247 359

70 335 234 401 rant,
280 325 531 410 perferri
554 349 740 412 aequo
769 325 962 388 animo
988 336 1421 411 paterentur36)
1474 350 1793 414 omnesque
1822 328 1978 391 ultro

71 422 496 494 agnoscerent,
529 410 644 473 sibi
676 433 934 496 quoque,
981 413 1032 471 si
1064 434 1169 495 per
1197 435 1263 475 se
1294 412 1539 476 militiae
1573 413 1736 476 obire
1766 436 1979 475 munus

70 517 186 556 non
212 507 489 581 possent,
518 495 785 582 speciali,
818 494 904 557 uti
934 494 1262 580 quibusque
1301 497 1432 559 aliis
1473 498 1762 561 secularis
1806 497 1980 561 Ordi-

69 578 164 640 nis
214 579 386 656 viris,
418 581 589 642 venia
633 603 780 666 opus
818 602 972 642 esse.
1001 587 1051 657 7)
1105 584 1270 642 Haec
1320 606 1509 668 usque
1560 606 1774 645 annum
1817 591 1980 646 1602

71 686 185 748 quo
219 664 517 727 Praelatis
560 677 619 727 et
654 663 786 726 aliis
817 664 1117 727 nonnullis
1141 688 1176 726 a
1200 665 1440 730 militiae
1461 691 1567 753 per
1595 691 1660 730 se
1682 667 1982 731 faciendae

0 811 2 814 ,
70 747 431 834 obligatione
460 749 769 826 relevatiS,
810 772 1098 835 praesens
1148 750 1308 813 Cleri
1343 750 1680 815 immunitas
1715 754 1979 839 superio-

0 832 9 873 1-
68 856 198 895 rum
231 857 347 896 usu
379 835 714 897 seculorum
742 834 968 897 nititur.

207 991 254 1051 ⁶)
299 990 369 1039 De
398 990 646 1054 personali
675 990 959 1055 insurgendi
993 991 1284 1056 obligatione
1307 991 1637 1042 Praelatorum
1667 992 1773 1043 vide
1804 1000 1894 1043 art.
1925 992 1979 1055 5,

77 1068 253 1124 1545.
306 1071 586 1136 8‚1597.
640 1073 747 1137 21,
787 1074 966 1125 1622.
1018 1071 1128 1137 46,
1160 1082 1189 1136 §
1222 1073 1285 1137 6,
1323 1074 1502 1127 1681.

205 1161 251 1221 ⁷)
296 1160 366 1209 De
404 1160 541 1210 venia
579 1160 864 1226 hujusmodi
901 1161 1125 1211 Ladislao
1164 1161 1262 1210 filio
1302 1162 1472 1212 Danch
1511 1163 1759 1213 Canonico
1792 1163 1981 1213 Csana-

69 1238 226 1295 diensi
262 1260 352 1310 per
391 1245 631 1296 Comitem
671 1246 1036 1296 Temesiensem
1080 1247 1188 1297 data
1226 1262 1269 1296 a.
1308 1241 1466 1297 1420
1506 1249 1612 1299 vide
1649 1248 1812 1299 literas
1851 1249 1979 1314 apud

71 1330 232 1380 Batth.
266 1330 362 1381 LL.
396 1330 497 1381 ΕΕ.

905 1442 948 1517 §
994 1443 1133 1501 163.

198 1593 468 1643 officium
507 1593 924 1644 defendendae
961 1593 1194 1644 Patriae
1233 1594 1676 1644 sanctissimum
1714 1594 1842 1644 rati.

237 1731 534 1814 Majorum
563 1740 738 1815 parta
763 1728 1084 1792 virtutibus
1119 1726 1460 1816 Stephanus
1504 1749 1688 1812 aequo
1727 1727 1983 1790 omnium

72 1813 304 1877 defendi
338 1817 565 1892 Marte,
611 1814 767 1878 bello
802 1814 1019 1900 igitur,
1066 1814 1220 1900 quod
1254 1837 1361 1900 pro
1393 1811 1619 1900 patriae
1655 1811 1984 1897 gerendum

70 1899 262 1963 salute
314 1912 510 1977 esset,
563 1899 853 1963 neminem
895 1922 1243 1986 quemquam
1285 1899 1607 1967 liberorum
1643 1896 1852 1961 deesse
1883 1921 1983 1960 vo-

70 1984 193 2048 luit.
219 1990 266 2065 ¹)
312 1987 517 2071 Atque
548 1983 661 2048 hoc
689 1984 834 2047 illud
875 1997 999 2062 est,
1049 1984 1202 2070 quod
1236 1983 1574 2047 condidisse
1615 1982 1834 2059 fertur,
1883 2005 1985 2066 sy-

71 2082 261 2134 stema
309 2070 483 2156 regni
534 2069 990 2146 defensivum,
1047 2094 1121 2132 ex
1171 2093 1284 2155 quo
1309 2067 1646 2154 Principem
1709 2091 1983 2153 quacum-

71 2179 184 2241 que
213 2156 358 2232 alia,
411 2179 582 2242 quam
623 2156 738 2218 vim
769 2155 828 2218 vi
861 2153 1187 2242 depellendi
1234 2177 1446 2229 causa,
1502 2151 1574 2215 ad
1608 2152 1826 2215 bellum
1892 2175 1983 2214 ac-

73 2241 323 2305 cinctum
345 2241 628 2319 Nobiles,
660 2239 777 2302 nisi
800 2240 1014 2326 quibus
1056 2239 1170 2303 hoc
1204 2238 1541 2303 volentibus
1576 2250 1765 2313 esset,
1818 2237 1987 2323 sequi

72 2350 187 2391 non
221 2326 594 2390 tenebantur.
640 2325 1135 2412 Sapientissimae
1176 2322 1615 2388 constitutionis
1648 2321 1825 2409 hujus
1863 2323 1986 2385 lau-

73 2410 203 2474 dem
248 2436 364 2499 ego
409 2410 482 2474 ad
527 2410 896 2498 Stephanum
939 2410 1166 2484 16161ος
1220 2422 1446 2497 partem
1491 2407 1720 2471 consilii
1762 2407 1984 2495 praeci-

73 2521 248 2584 puam
301 2497 511 2561 Ordini
560 2497 918 2560 Pontificum
965 2495 1266 2582 adjudico;
1323 2494 1541 2557 nemini
1585 2493 1739 2557 enim
1788 2492 1984 2591 magis

74 2584 347 2647 convenit
367 2587 428 2645 in
458 2607 528 2647 eo
569 2582 939 2658 elaborasse,
986 2594 1053 2644 ut
1082 2580 1359 2667 quidquid
1404 2578 1556 2642 hanc
1586 2579 1647 2641 in
1679 2601 1804 2640 rem
1835 2601 1981 2640 scis-

77 2681 339 2746 ceretur,
393 2668 466 2732 ad
514 2666 774 2731 studium
814 2666 1013 2754 paciS,
1067 2666 1569 2752 imitationemque
1615 2664 1770 2749 legis
1824 2676 1988 2726 esset

77 2753 553 2831 adcomodatum,
611 2776 760 2840 quae
811 2752 963 2839 apud
1019 2751 1619 2837 Babenbergensem,
1674 2748 1988 2812 Colonien-

78 2863 318 2926 semque
353 2840 623 2904 Eclesias
647 2845 699 2919 2)
739 2837 960 2925 viguit,
1005 2837 1437 2925 plurimumque
1477 2835 1693 2900 habere
1728 2838 1989 2921 aequita-

73 2925 156 2988 tis
203 2925 530 2989 videbatur.

0 3136 2 3142 ⁸
175 3090 183 3095 '
214 3083 257 3142 1)
300 3079 635 3131 Providentiae
665 3082 770 3147 lege
801 3081 892 3131 hac
923 3080 1179 3131 vernacula
1209 3080 1269 3130 ad
1299 3080 1461 3145 ipsum
1492 3078 1636 3128 etiam
1666 3076 1987 3140 municipium

0 3179 4 3220 fi
79 3165 285 3215 Albense
317 3172 532 3215 extensa.

0 3243 3 3250 ’
214 3253 260 3311 2)
306 3250 552 3315 Recollige
578 3251 817 3317 justitiam
851 3250 1343 3300 ministerialium
1375 3246 1990 3310 Babenbergensium,

5 3340 7 3342 ’
81 3340 183 3386 Sec.
217 3335 299 3384 XI.
340 3335 469 3400 apud
499 3335 698 3386 Ek-kart.
740 3335 798 3384 T.
833 3335 893 3384 11.
939 3351 988 3399 p.
1029 3333 1166 3384 102.
1216 3335 1395 3399 Legem
1426 3333 1571 3393 item,
1613 3331 1996 3380 ministeria-

82 3421 222 3471 lium
252 3420 301 3470 b.
335 3420 497 3469 Petri
529 3419 987 3470 Coloniensium
1020 3419 1325 3483 (Kindlinger
1352 3419 1445 3468 vol.
1480 3418 1540 3466 ΙΙ.
1585 3432 1635 3481 p.
1689 3412 1791 3476 68)
1837 3416 1991 3465 hanc:

9 3551 10 3554 ,
85 3513 178 3568 „ut
197 3506 238 3556 si
256 3505 429 3571 aliquis
459 3505 715 3556 hominum
748 3511 926 3555 terram
963 3504 1305 3555 Coloniensem
1327 3511 1375 3554 et
1397 3502 1634 3553 terminos
1665 3501 1990 3566 Episcopatus
