2384 3886
1872 191 1996 246 363

94 328 414 392 exercitum
465 328 551 391 ire
596 327 913 402 debentes,
975 327 1492 413 proficiscerentur
1541 328 1651 390 sub
1708 327 1996 391 conductu

91 413 315 501 proprii
353 413 600 477 Comitis
630 410 1064 500 provincialis.“
1098 420 1145 492 1)
1201 411 1630 476 Testimonium
1662 412 1775 476 hoc
1804 417 1996 499 Regio

93 499 338 561 missum
371 506 498 576 ore,
531 522 650 561 non
676 496 964 560 hactenus
995 509 1250 573 tantum,
1283 498 1390 562 sed
1419 498 1573 584 quod
1599 498 1884 562 historiae
1914 499 1999 562 rei

0 627 2 632 η
91 583 363 646 militaris
392 583 544 670 apud
565 586 889 668 Hungaros
921 580 992 642 ad
1021 583 1303 644 amussim
1334 583 1708 670 respondeat,
1741 585 1997 670 locuple-

90 669 386 732 tissimum
406 681 518 745 est,
545 692 618 732 ex
641 691 754 753 quo
772 666 1069 753 primaeva
1093 667 1360 730 bannerii
1380 668 1624 731 Comitis
1651 669 1849 732 Castri
1882 693 2000 731 am-

0 809 3 832 ;
88 754 313 841 plitudo
337 754 542 816 elucet.
574 756 707 815 Hoc
739 775 813 814 ex
841 751 1114 815 instituto
1146 752 1198 815 d.
1226 753 1511 839 Stephani
1533 753 1592 815 in
1624 755 1824 840 plures
1858 754 1999 817 divi-

0 837 7 893 f⁷
92 863 220 902 sum
260 839 511 901 ordines,
544 838 752 899 Primi:
787 837 1200 923 Jobbagiones
1229 836 1300 901 de
1331 839 1745 923 generatione,
1792 840 2001 902 Liberi

0 944 13 962 ³
93 949 140 987 s.
199 928 418 1009 Regis,
483 923 753 987 Altiores
779 973 793 1001 ,
861 946 1259 1009 proceresque
1310 923 1725 1008 Jobbagiones
1779 925 1998 1001 Castri‚

89 1009 458 1095 Kiralyfiak‚
497 1008 739 1085 milites,
769 1008 1121 1072 naturaliter
1146 1008 1475 1072 servientes
1506 1009 1723 1095 Regis,
1761 1023 1819 1072 et
1856 1033 2002 1095 quae

95 1094 210 1158 alia
246 1095 541 1181 equestris
574 1093 794 1158 ordinis
826 1094 975 1180 apud
1008 1107 1243 1157 veteres
1276 1107 1415 1157 sunt
1442 1094 1710 1171 nomina,
1756 1119 2004 1181 quorum

95 1205 169 1244 ex
196 1181 454 1268 posteris
486 1180 719 1258 deinde,
766 1179 967 1242 seculo
1001 1179 1178 1242 tertio
1212 1178 1463 1257 decimo,
1509 1181 1710 1267 plures
1743 1180 1803 1242 in
1834 1181 2004 1243 Auli-

92 1275 218 1329 tum
254 1265 655 1352 Regiorum,
711 1265 1076 1351 militumque
1110 1264 1363 1328 familiae
1396 1266 1643 1351 regiae
1685 1265 2001 1342 sublimati,

97 1364 199 1414 aut
232 1351 517 1415 exstracti
551 1350 801 1437 gradum
834 1363 1005 1427 sunt,
1052 1351 1180 1414 solo
1213 1363 1443 1414 tantum
1473 1351 1785 1438 splendore
1822 1351 2004 1415 nomi-

99 1437 193 1499 nis
228 1436 419 1514 brevi,
456 1460 647 1522 neque
689 1435 862 1500 solidi
893 1436 1066 1499 etiam
1091 1435 1248 1522 juris
1294 1440 1640 1524 cujusquam
1665 1436 2005 1501 accessione

99 1547 134 1586 a
163 1522 486 1586 Nobilibus
540 1521 632 1585 his
658 1521 861 1608 regni
904 1519 1261 1584 distinctum.
1306 1522 1477 1599 Quod
1527 1522 1679 1586 enim
1715 1522 1786 1586 ad
1826 1522 2006 1586 vexil-

97 1610 214 1671 lum
266 1608 558 1694 Regium:
620 1620 907 1694 perpetua
948 1631 1019 1670 ea
1066 1608 1227 1670 nullo
1274 1631 1392 1671 non
1436 1621 1700 1695 tempore
1751 1608 2007 1672 omnium

98 1694 275 1757 etiam
332 1694 695 1780 reliquorum
744 1692 951 1778 regni
995 1692 1277 1755 nobilium
1309 1693 1418 1756 fuit
1454 1694 1894 1780 praerogativa,
1939 1706 2007 1756 ut

101 1780 254 1842 domi
298 1778 524 1865 quidem
562 1780 817 1856 lustrae‚
871 1778 1344 1865 pervisionisque
1387 1802 1592 1856 causa,
1644 1804 1756 1866 quo
1793 1781 2007 1843 Comes

99 1877 369 1942 vocaret,
415 1865 571 1927 intra
603 1865 751 1927 fines
778 1864 1115 1949 provinciae
1153 1887 1518 1951 comparere3
1548 1872 1597 1945 2)
1644 1866 1702 1927 in
1741 1865 2008 1950 generali

100 1963 294 2013 tamen
338 1950 706 2037 expeditione
745 1949 1005 2011 militiam
1033 1949 1228 2011 facere
1264 1962 1540 2035 (prorsus
1570 1975 1642 2013 ex
1667 1951 1879 2037 spiritu
1912 1949 2008 2012 de-

98 2036 340 2112 fensivi,
389 2034 538 2122 quod
582 2038 771 2121 ajunt,
815 2035 1162 2119 systematis
1209 2035 1259 2097 d.
1291 2034 1609 2122 Stephani)
1659 2036 1770 2098 sub
1822 2035 2009 2099 solius

100 2122 280 2184 ductu
309 2121 524 2207 Regis,
561 2143 670 2183 nec
692 2143 822 2182 cum
848 2119 989 2197 alio,
1034 2119 1174 2196 nisi,
1217 2143 1329 2205 quo
1364 2134 1575 2207 sponte
1606 2123 1852 2200 vellent,
1894 2124 2008 2184 Ba-

100 2231 244 2270 rone
279 2207 390 2269 sub
423 2205 701 2293 auspiciis
739 2204 948 2291 Regiis
981 2217 1344 2268 tenerentur.
1375 2212 1425 2285 3)

240 2455 282 2514 1)
329 2452 526 2517 Regest.
570 2451 765 2517 Sigism.
799 2452 928 2527 apud
968 2451 1243 2501 Kovachich
1275 2452 1411 2517 Supl.
1446 2452 1505 2502 ad
1535 2457 1655 2501 vest.
1692 2450 1830 2501 Com.
1877 2452 1933 2501 T.
1967 2451 2005 2500 1.

104 2554 154 2603 p.
191 2534 329 2588 392.

235 2640 280 2700 2)
327 2638 570 2702 Recollige
602 2653 737 2688 num.
770 2653 874 2703 reg.
906 2637 1078 2687 Varad.
1113 2653 1260 2703 supra
1290 2638 1350 2687 ad
1381 2642 1410 2697 ς
1443 2634 1518 2687 29
1554 2634 1640 2699 (1)
1673 2636 1891 2686 citatum.

240 2739 285 2800 3)
331 2739 435 2788 Hoc
473 2754 650 2804 nempe
690 2738 964 2804 significant
991 2738 1138 2788 verba
1166 2738 1310 2787 Belae
1340 2738 1416 2788 IV.
1451 2738 1550 2800 (IV.
1583 2753 1627 2786 V.
1665 2733 1718 2786 3.
1758 2752 1808 2801 p.
1845 2733 2008 2798 262),

107 2831 161 2873 ut
191 2823 405 2886 (Bisseni
436 2825 494 2873 de
533 2824 747 2890 Padany)
785 2825 913 2874 inter
949 2824 1117 2888 regni
1153 2823 1349 2873 nostri
1386 2822 1627 2873 Nobiles
1667 2828 2014 2886 computentur

111 2916 158 2958 ct
183 2908 439 2959 nobiscum
471 2916 519 2959 et
548 2925 661 2958 non
693 2925 821 2959 cum
853 2909 1050 2974 aliquo
1083 2909 1379 2958 exercituare
1410 2915 1684 2958 teneantur.
1718 2907 1786 2956 De
1810 2923 2015 2971 praero—

110 2994 260 3059 gativa
298 2995 389 3044 hac
425 2995 591 3044 literae
630 2995 836 3045 Mathaei
875 2994 993 3043 Bani
1031 2994 1154 3044 Slav.
1190 2994 1248 3043 de
1279 3011 1322 3044 a.
1363 2991 1519 3043 1270
1554 2994 1618 3042 ita
1649 2992 1851 3041 habent:
1893 2992 2010 3040 Item

112 3080 225 3128 (lum
269 3079 458 3129 hostilis
498 3080 727 3130 incursus
757 3080 830 3130 vel
862 3079 1101 3130 exercitus
1133 3080 1317 3129 venerit
1348 3095 1497 3144 super
1526 3093 1756 3142 regnum,
1800 3083 1882 3126 aut
1911 3076 2016 3125 Do-

111 3164 271 3213 minus
291 3165 393 3213 Rex
419 3165 715 3229 processerit
744 3166 794 3214 in
824 3164 1180 3230 expeditionem
1208 3164 1637 3228 personaliter3
1670 3168 1786 3210 tunc
1817 3161 2015 3211 Nobiles

0 3244 4 3281 ῑ
79 3250 81 3252 ’
112 3249 249 3313 regni
290 3249 403 3298 dicti
443 3249 691 3300 Slavoniae
730 3250 907 3314 singuli
948 3258 996 3298 et
1038 3249 1248 3298 universi
1286 3250 1355 3316 ire
1387 3250 1446 3298 ad
1477 3245 1741 3298 exercitum
1770 3246 2017 3296 tenebun-

113 3341 217 3395 tur,
259 3333 322 3383 ita
352 3340 541 3394 tamen,
582 3333 713 3399 quod
742 3334 886 3383 iidem
930 3349 1041 3383 cum
1072 3333 1373 3394 Baronibus·,
1415 3333 1769 3398 quibuscum
1806 3332 2017 3383 volue—

111 3419 255 3479 rint,
290 3419 617 3469 exercituandi
645 3418 897 3468 habebunt
927 3418 1127 3468 liberam
1157 3419 1450 3469 facultatem.
1492 3418 1578 3468 His
1607 3417 1890 3482 praemissis
1915 3417 2017 3466 cla-

113 3505 215 3555 rius
247 3504 347 3570 jam
379 3510 534 3569 patet,
586 3503 701 3570 quid
739 3503 882 3554 verba
926 3504 1199 3568 significent
1237 3503 1380 3554 Belae
1411 3504 1486 3553 IV.
1528 3503 1576 3553 in
1617 3502 1738 3568 priv.
1779 3503 1922 3568 hosp.
1957 3502 2016 3552 de
