<?xml version="1.0" encoding="UTF-8"?>
<!DOCTYPE html PUBLIC "-//W3C//DTD XHTML 1.0 Transitional//EN"
    "http://www.w3.org/TR/xhtml1/DTD/xhtml1-transitional.dtd">
<html xmlns="http://www.w3.org/1999/xhtml" xml:lang="en" lang="en">
 <head>
  <title>
</title>
<meta http-equiv="Content-Type" content="text/html;charset=utf-8" />
  <meta name='ocr-system' content='tesseract 3.04.00' />
  <meta name='ocr-capabilities' content='ocr_page ocr_carea ocr_par ocr_line ocrx_word'/>
</head>
<body>
  <div class='ocr_page' id='page_1' title='image "./commentariorumad01bart_0160.png"; bbox 0 0 2384 3886; ppageno 0'>
   <div class='ocr_carea' id='block_1_1' title="bbox 413 170 531 227">
    <p class='ocr_par' dir='ltr' id='par_1_1' title="bbox 413 170 531 227">
     <span class='ocr_line' id='line_1_1' title="bbox 413 170 531 227; baseline 0.008 -1"><span class='ocrx_word' id='word_1_1' title='bbox 413 170 531 227; x_wconf 77' lang='lat'>152</span> 
     </span>
    </p>
   </div>
   <div class='ocr_carea' id='block_1_2' title="bbox 1276 357 1461 434">
    <p class='ocr_par' dir='ltr' id='par_1_2' title="bbox 1276 357 1461 434">
     <span class='ocr_line' id='line_1_2' title="bbox 1276 357 1461 434; baseline -0.005 -17"><span class='ocrx_word' id='word_1_2' title='bbox 1276 357 1319 434; x_wconf 69' lang='lat' dir='ltr'>s</span> <span class='ocrx_word' id='word_1_3' title='bbox 1361 359 1461 417; x_wconf 87' lang='lat'>45.</span> 
     </span>
    </p>
   </div>
   <div class='ocr_carea' id='block_1_3' title="bbox 931 508 1814 561">
    <p class='ocr_par' dir='ltr' id='par_1_3' title="bbox 931 508 1814 561">
     <span class='ocr_line' id='line_1_3' title="bbox 931 508 1814 561; baseline 0.001 -2"><span class='ocrx_word' id='word_1_4' title='bbox 931 509 1099 560; x_wconf 84' lang='lat' dir='ltr'><strong>Ritus</strong></span> <span class='ocrx_word' id='word_1_5' title='bbox 1145 515 1202 559; x_wconf 89' lang='lat' dir='ltr'>et</span> <span class='ocrx_word' id='word_1_6' title='bbox 1245 508 1525 561; x_wconf 86' lang='lat' dir='ltr'>doctrina</span> <span class='ocrx_word' id='word_1_7' title='bbox 1570 509 1814 560; x_wconf 88' lang='lat' dir='ltr'>moralis</span> 
     </span>
    </p>
   </div>
   <div class='ocr_carea' id='block_1_4' title="bbox 402 655 2384 2031">
    <p class='ocr_par' dir='ltr' id='par_1_4' title="bbox 402 655 2384 2031">
     <span class='ocr_line' id='line_1_4' title="bbox 595 655 2326 745; baseline 0.003 -26"><span class='ocrx_word' id='word_1_8' title='bbox 595 661 667 719; x_wconf 92' lang='lat' dir='ltr'>ln</span> <span class='ocrx_word' id='word_1_9' title='bbox 718 655 1051 744; x_wconf 82' lang='lat' dir='ltr'>pangendis</span> <span class='ocrx_word' id='word_1_10' title='bbox 1109 656 1446 721; x_wconf 81' lang='lat' dir='ltr'><strong>foederibus</strong></span> <span class='ocrx_word' id='word_1_11' title='bbox 1499 657 1686 721; x_wconf 89' lang='lat' dir='ltr'>inciso</span> <span class='ocrx_word' id='word_1_12' title='bbox 1740 657 2165 745; x_wconf 85' lang='lat' dir='ltr'>aliquantulum</span> <span class='ocrx_word' id='word_1_13' title='bbox 2199 667 2326 724; x_wconf 88' lang='lat' dir='ltr'>cor-</span> 
     </span>
     <span class='ocr_line' id='line_1_5' title="bbox 409 741 2384 831; baseline 0.001 -25"><span class='ocrx_word' id='word_1_14' title='bbox 409 766 573 831; x_wconf 85' lang='lat' dir='ltr'>pore,</span> <span class='ocrx_word' id='word_1_15' title='bbox 605 743 907 830; x_wconf 88' lang='lat' dir='ltr'>mixtoque</span> <span class='ocrx_word' id='word_1_16' title='bbox 942 743 1002 805; x_wconf 93' lang='lat' dir='ltr'>in</span> <span class='ocrx_word' id='word_1_17' title='bbox 1031 741 1272 805; x_wconf 78' lang='lat' dir='ltr'><strong>calicem</strong></span> <span class='ocrx_word' id='word_1_18' title='bbox 1297 767 1405 806; x_wconf 91' lang='lat' dir='ltr'>san</span> <span class='ocrx_word' id='word_1_19' title='bbox 1459 744 1611 820; x_wconf 83' lang='lat' dir='ltr'>uine,</span> <span class='ocrx_word' id='word_1_20' title='bbox 1650 754 1710 806; x_wconf 93' lang='lat' dir='ltr'>et</span> <span class='ocrx_word' id='word_1_21' title='bbox 1733 743 1972 808; x_wconf 80' lang='lat' dir='ltr'>acinace</span> <span class='ocrx_word' id='word_1_22' title='bbox 2005 755 2118 808; x_wconf 82' lang='lat' dir='ltr'>aut</span> <span class='ocrx_word' id='word_1_23' title='bbox 2137 766 2204 808; x_wconf 83' lang='lat' dir='ltr'>sa</span> <span class='ocrx_word' id='word_1_24' title='bbox 2257 745 2326 809; x_wconf 83' lang='lat' dir='ltr'>‘t-</span> <span class='ocrx_word' id='word_1_25' title='bbox 2381 806 2384 807; x_wconf 8' lang='lat' dir='ltr'>a</span> 
     </span>
     <span class='ocr_line' id='line_1_6' title="bbox 409 767 2327 926; baseline 0.001 -34"><span class='ocrx_word' id='word_1_26' title='bbox 409 829 490 892; x_wconf 88' lang='lat' dir='ltr'>tis</span> <span class='ocrx_word' id='word_1_27' title='bbox 535 828 831 901; x_wconf 76' lang='lat' dir='ltr'>intinctiS,</span> <span class='ocrx_word' id='word_1_28' title='bbox 893 853 959 892; x_wconf 91' lang='lat' dir='ltr'>se</span> <span class='ocrx_word' id='word_1_29' title='bbox 1009 828 1247 890; x_wconf 88' lang='lat' dir='ltr'>multis</span> <span class='ocrx_word' id='word_1_30' title='bbox 1292 767 1527 892; x_wconf 41' lang='lat' dir='ltr'>verbis</span> <span class='ocrx_word' id='word_1_31' title='bbox 1574 829 1948 907; x_wconf 83' lang='lat' dir='ltr'>devovere,</span> <span class='ocrx_word' id='word_1_32' title='bbox 2008 839 2157 926; x_wconf 57' lang='lat' dir='ltr'>(tang</span> <span class='ocrx_word' id='word_1_33' title='bbox 2207 769 2384 895; x_wconf 54' lang='lat' dir='ltr'>{lte</span> 
     </span>
     <span class='ocr_line' id='line_1_7' title="bbox 410 913 2328 1002; baseline 0 -23"><span class='ocrx_word' id='word_1_34' title='bbox 410 914 546 979; x_wconf 88' lang='lat' dir='ltr'>olim</span> <span class='ocrx_word' id='word_1_35' title='bbox 604 914 764 978; x_wconf 88' lang='lat' dir='ltr'>dirae</span> <span class='ocrx_word' id='word_1_36' title='bbox 810 913 1250 1002; x_wconf 79' lang='lat' dir='ltr'>imprecationis</span> <span class='ocrx_word' id='word_1_37' title='bbox 1306 915 1668 978; x_wconf 85' lang='lat' dir='ltr'>consvetudo</span> <span class='ocrx_word' id='word_1_38' title='bbox 1720 916 1939 1001; x_wconf 81' lang='lat' dir='ltr'>patuit)</span> <span class='ocrx_word' id='word_1_39' title='bbox 1992 928 2051 980; x_wconf 91' lang='lat' dir='ltr'>et</span> <span class='ocrx_word' id='word_1_40' title='bbox 2096 915 2328 981; x_wconf 91' lang='lat' dir='ltr'>demum</span> 
     </span>
     <span class='ocr_line' id='line_1_8' title="bbox 410 999 2328 1097; baseline 0.001 -34"><span class='ocrx_word' id='word_1_41' title='bbox 410 1000 651 1064; x_wconf 84' lang='lat' dir='ltr'>calicem</span> <span class='ocrx_word' id='word_1_42' title='bbox 701 1025 817 1063; x_wconf 92' lang='lat' dir='ltr'>non</span> <span class='ocrx_word' id='word_1_43' title='bbox 870 1024 978 1087; x_wconf 92' lang='lat' dir='ltr'>per</span> <span class='ocrx_word' id='word_1_44' title='bbox 1022 1022 1125 1062; x_wconf 92' lang='lat' dir='ltr'>eos</span> <span class='ocrx_word' id='word_1_45' title='bbox 1170 999 1372 1076; x_wconf 87' lang='lat' dir='ltr'>modo,</span> <span class='ocrx_word' id='word_1_46' title='bbox 1440 1000 1537 1097; x_wconf 77' lang='lat' dir='ltr'>qui</span> <span class='ocrx_word' id='word_1_47' title='bbox 1590 1000 1799 1063; x_wconf 83' lang='lat' dir='ltr'>foedus</span> <span class='ocrx_word' id='word_1_48' title='bbox 1862 1002 2160 1079; x_wconf 88' lang='lat' dir='ltr'>facerent,</span> <span class='ocrx_word' id='word_1_49' title='bbox 2218 1000 2328 1066; x_wconf 88' lang='lat' dir='ltr'>sed</span> 
     </span>
     <span class='ocr_line' id='line_1_9' title="bbox 409 1082 2326 1176; baseline 0.001 -26"><span class='ocrx_word' id='word_1_50' title='bbox 409 1086 585 1150; x_wconf 91' lang='lat' dir='ltr'>etiam</span> <span class='ocrx_word' id='word_1_51' title='bbox 623 1086 898 1161; x_wconf 87' lang='lat' dir='ltr'>comites,</span> <span class='ocrx_word' id='word_1_52' title='bbox 947 1084 1043 1170; x_wconf 91' lang='lat' dir='ltr'>qui</span> <span class='ocrx_word' id='word_1_53' title='bbox 1079 1082 1360 1148; x_wconf 83' lang='lat' dir='ltr'>adessent</span> <span class='ocrx_word' id='word_1_54' title='bbox 1390 1084 1576 1159; x_wconf 81' lang='lat' dir='ltr'>ebibi3</span> <span class='ocrx_word' id='word_1_55' title='bbox 1623 1085 1986 1171; x_wconf 79' lang='lat' dir='ltr'>Scytharum</span> <span class='ocrx_word' id='word_1_56' title='bbox 2019 1087 2172 1176; x_wconf 85' lang='lat' dir='ltr'>apud</span> <span class='ocrx_word' id='word_1_57' title='bbox 2203 1091 2326 1151; x_wconf 87' lang='lat' dir='ltr'>He-</span> 
     </span>
     <span class='ocr_line' id='line_1_10' title="bbox 405 1170 2325 1257; baseline 0.001 -23"><span class='ocrx_word' id='word_1_58' title='bbox 405 1170 676 1236; x_wconf 93' lang='lat' dir='ltr'>rodotum</span> <span class='ocrx_word' id='word_1_59' title='bbox 699 1220 714 1247; x_wconf 88' lang='lat'>‚</span> <span class='ocrx_word' id='word_1_60' title='bbox 778 1170 1208 1255; x_wconf 86' lang='lat' dir='ltr'>Medorumque</span> <span class='ocrx_word' id='word_1_61' title='bbox 1269 1170 1423 1257; x_wconf 90' lang='lat' dir='ltr'>apud</span> <span class='ocrx_word' id='word_1_62' title='bbox 1479 1170 1747 1234; x_wconf 86' lang='lat' dir='ltr'>Solinum</span> <span class='ocrx_word' id='word_1_63' title='bbox 1802 1185 1861 1236; x_wconf 91' lang='lat' dir='ltr'>et</span> <span class='ocrx_word' id='word_1_64' title='bbox 1924 1176 2325 1238; x_wconf 83' lang='lat' dir='ltr'>Cumanorum</span> 
     </span>
     <span class='ocr_line' id='line_1_11' title="bbox 408 1255 2326 1346; baseline 0.002 -25"><span class='ocrx_word' id='word_1_65' title='bbox 408 1258 582 1321; x_wconf 88' lang='lat' dir='ltr'>etiam</span> <span class='ocrx_word' id='word_1_66' title='bbox 620 1279 738 1320; x_wconf 91' lang='lat' dir='ltr'>sec.</span> <span class='ocrx_word' id='word_1_67' title='bbox 776 1259 951 1319; x_wconf 86' lang='grc' dir='ltr'><strong>ΧΙΙΙ.</strong></span> <span class='ocrx_word' id='word_1_68' title='bbox 996 1256 1150 1341; x_wconf 90' lang='lat' dir='ltr'>apud</span> <span class='ocrx_word' id='word_1_69' title='bbox 1184 1255 1566 1319; x_wconf 88' lang='lat' dir='ltr'>Joinvilleum</span> <span class='ocrx_word' id='word_1_70' title='bbox 1595 1280 1789 1334; x_wconf 83' lang='lat' dir='ltr'>more,</span> <span class='ocrx_word' id='word_1_71' title='bbox 1834 1259 2150 1346; x_wconf 84' lang='lat' dir='ltr'>Hungaris</span> <span class='ocrx_word' id='word_1_72' title='bbox 2185 1283 2326 1346; x_wconf 89' lang='lat' dir='ltr'>quo-</span> 
     </span>
     <span class='ocr_line' id='line_1_12' title="bbox 407 1341 2322 1430; baseline 0.002 -25"><span class='ocrx_word' id='word_1_73' title='bbox 407 1367 518 1430; x_wconf 92' lang='lat' dir='ltr'>que</span> <span class='ocrx_word' id='word_1_74' title='bbox 538 1343 808 1416; x_wconf 88' lang='lat' dir='ltr'>solenne;</span> <span class='ocrx_word' id='word_1_75' title='bbox 839 1341 975 1405; x_wconf 90' lang='lat' dir='ltr'>dum</span> <span class='ocrx_word' id='word_1_76' title='bbox 992 1342 1166 1405; x_wconf 89' lang='lat' dir='ltr'>fidem</span> <span class='ocrx_word' id='word_1_77' title='bbox 1186 1354 1341 1407; x_wconf 84' lang='lat' dir='ltr'>exte</span> <span class='ocrx_word' id='word_1_78' title='bbox 1354 1342 1453 1404; x_wconf 91' lang='lat' dir='ltr'>ris</span> <span class='ocrx_word' id='word_1_79' title='bbox 1476 1342 1940 1430; x_wconf 81' lang='lat' dir='ltr'>paciscerentur,</span> <span class='ocrx_word' id='word_1_80' title='bbox 1963 1345 2322 1408; x_wconf 90' lang='lat' dir='ltr'>luculentius</span> 
     </span>
     <span class='ocr_line' id='line_1_13' title="bbox 407 1427 2324 1515; baseline 0 -23"><span class='ocrx_word' id='word_1_81' title='bbox 407 1428 719 1506; x_wconf 61' lang='lat' dir='ltr'>testatum,</span> <span class='ocrx_word' id='word_1_82' title='bbox 756 1451 929 1514; x_wconf 90' lang='lat' dir='ltr'>quam</span> <span class='ocrx_word' id='word_1_83' title='bbox 955 1428 1108 1490; x_wconf 92' lang='lat' dir='ltr'>male</span> <span class='ocrx_word' id='word_1_84' title='bbox 1141 1428 1334 1515; x_wconf 89' lang='lat' dir='ltr'>perire</span> <span class='ocrx_word' id='word_1_85' title='bbox 1364 1427 1575 1505; x_wconf 84' lang='lat' dir='ltr'>velint,</span> <span class='ocrx_word' id='word_1_86' title='bbox 1618 1428 1670 1490; x_wconf 89' lang='lat' dir='ltr'>si</span> <span class='ocrx_word' id='word_1_87' title='bbox 1709 1453 1837 1492; x_wconf 91' lang='lat' dir='ltr'>eam</span> <span class='ocrx_word' id='word_1_88' title='bbox 1869 1430 2191 1509; x_wconf 85' lang='lat' dir='ltr'>violarent,</span> <span class='ocrx_word' id='word_1_89' title='bbox 2230 1453 2324 1494; x_wconf 92' lang='lat' dir='ltr'>ca-</span> 
     </span>
     <span class='ocr_line' id='line_1_14' title="bbox 404 1512 2324 1602; baseline 0.002 -25"><span class='ocrx_word' id='word_1_90' title='bbox 404 1539 558 1592; x_wconf 78' lang='lat' dir='ltr'>nem,</span> <span class='ocrx_word' id='word_1_91' title='bbox 593 1515 812 1602; x_wconf 87' lang='lat' dir='ltr'>lupum,</span> <span class='ocrx_word' id='word_1_92' title='bbox 850 1526 953 1576; x_wconf 91' lang='lat' dir='ltr'>aut</span> <span class='ocrx_word' id='word_1_93' title='bbox 982 1512 1141 1576; x_wconf 88' lang='lat' dir='ltr'>aliud</span> <span class='ocrx_word' id='word_1_94' title='bbox 1169 1513 1346 1600; x_wconf 91' lang='lat' dir='ltr'>hujus</span> <span class='ocrx_word' id='word_1_95' title='bbox 1376 1513 1618 1600; x_wconf 80' lang='lat' dir='ltr'>generis</span> <span class='ocrx_word' id='word_1_96' title='bbox 1655 1515 1897 1593; x_wconf 87' lang='lat' dir='ltr'>animal,</span> <span class='ocrx_word' id='word_1_97' title='bbox 1948 1516 2148 1602; x_wconf 84' lang='lat' dir='ltr'>gladio</span> <span class='ocrx_word' id='word_1_98' title='bbox 2187 1540 2324 1580; x_wconf 90' lang='lat' dir='ltr'>con-</span> 
     </span>
     <span class='ocr_line' id='line_1_15' title="bbox 406 1599 2324 1690; baseline 0.002 -26"><span class='ocrx_word' id='word_1_99' title='bbox 406 1624 613 1664; x_wconf 88' lang='lat' dir='ltr'>secare</span> <span class='ocrx_word' id='word_1_100' title='bbox 668 1612 1007 1663; x_wconf 89' lang='lat' dir='ltr'>sveverunt.</span> <span class='ocrx_word' id='word_1_101' title='bbox 1041 1607 1087 1679; x_wconf 87' lang='lat'>1)</span> <span class='ocrx_word' id='word_1_102' title='bbox 1138 1602 1403 1677; x_wconf 88' lang='lat' dir='ltr'>Amnes,</span> <span class='ocrx_word' id='word_1_103' title='bbox 1462 1599 1742 1686; x_wconf 89' lang='lat' dir='ltr'>fluviique</span> <span class='ocrx_word' id='word_1_104' title='bbox 1794 1613 1854 1665; x_wconf 90' lang='lat' dir='ltr'>et</span> <span class='ocrx_word' id='word_1_105' title='bbox 1893 1603 2022 1666; x_wconf 90' lang='lat' dir='ltr'>loca</span> <span class='ocrx_word' id='word_1_106' title='bbox 2060 1601 2155 1664; x_wconf 88' lang='lat' dir='ltr'>his</span> <span class='ocrx_word' id='word_1_107' title='bbox 2186 1626 2324 1690; x_wconf 87' lang='lat' dir='ltr'>pro-</span> 
     </span>
     <span class='ocr_line' id='line_1_16' title="bbox 405 1684 2324 1775; baseline 0.001 -26"><span class='ocrx_word' id='word_1_108' title='bbox 405 1687 590 1764; x_wconf 84' lang='lat' dir='ltr'>xima,</span> <span class='ocrx_word' id='word_1_109' title='bbox 642 1699 708 1749; x_wconf 87' lang='lat' dir='ltr'>ut</span> <span class='ocrx_word' id='word_1_110' title='bbox 754 1685 813 1748; x_wconf 94' lang='lat' dir='ltr'>in</span> <span class='ocrx_word' id='word_1_111' title='bbox 854 1685 974 1748; x_wconf 88' lang='lat' dir='ltr'>vita</span> <span class='ocrx_word' id='word_1_112' title='bbox 1012 1684 1390 1771; x_wconf 82' lang='lat' dir='ltr'>gratissima,</span> <span class='ocrx_word' id='word_1_113' title='bbox 1436 1685 1520 1748; x_wconf 89' lang='lat' dir='ltr'>ita</span> <span class='ocrx_word' id='word_1_114' title='bbox 1557 1685 1875 1774; x_wconf 90' lang='lat' dir='ltr'>praecipua</span> <span class='ocrx_word' id='word_1_115' title='bbox 1903 1686 2178 1764; x_wconf 88' lang='lat' dir='ltr'>honoris,</span> <span class='ocrx_word' id='word_1_116' title='bbox 2225 1688 2324 1775; x_wconf 92' lang='lat' dir='ltr'>qui</span> 
     </span>
     <span class='ocr_line' id='line_1_17' title="bbox 406 1771 2324 1861; baseline 0 -25"><span class='ocrx_word' id='word_1_117' title='bbox 406 1771 699 1837; x_wconf 88' lang='lat' dir='ltr'>defunctis</span> <span class='ocrx_word' id='word_1_118' title='bbox 739 1771 1097 1849; x_wconf 82' lang='lat' dir='ltr'>habebatur,</span> <span class='ocrx_word' id='word_1_119' title='bbox 1152 1771 1383 1858; x_wconf 90' lang='lat' dir='ltr'>species</span> <span class='ocrx_word' id='word_1_120' title='bbox 1426 1784 1580 1835; x_wconf 89' lang='lat' dir='ltr'>erat:</span> <span class='ocrx_word' id='word_1_121' title='bbox 1623 1775 1801 1857; x_wconf 85' lang='lat' dir='ltr'>juxta</span> <span class='ocrx_word' id='word_1_122' title='bbox 1835 1771 1950 1837; x_wconf 89' lang='lat' dir='ltr'>hos</span> <span class='ocrx_word' id='word_1_123' title='bbox 1984 1773 2239 1861; x_wconf 90' lang='lat' dir='ltr'>sepeliri.</span> <span class='ocrx_word' id='word_1_124' title='bbox 2271 1781 2324 1855; x_wconf 74' lang='grc'>2)</span> 
     </span>
     <span class='ocr_line' id='line_1_18' title="bbox 402 1856 2369 1947; baseline 0.001 -25"><span class='ocrx_word' id='word_1_125' title='bbox 402 1862 579 1922; x_wconf 88' lang='lat' dir='ltr'>Justa</span> <span class='ocrx_word' id='word_1_126' title='bbox 607 1858 858 1921; x_wconf 87' lang='lat' dir='ltr'>mortuis</span> <span class='ocrx_word' id='word_1_127' title='bbox 890 1856 1157 1921; x_wconf 88' lang='lat' dir='ltr'>convivio</span> <span class='ocrx_word' id='word_1_128' title='bbox 1185 1857 1587 1921; x_wconf 89' lang='lat' dir='ltr'>solvebantur.</span> <span class='ocrx_word' id='word_1_129' title='bbox 1634 1857 1807 1934; x_wconf 83' lang='lat' dir='ltr'>Quod</span> <span class='ocrx_word' id='word_1_130' title='bbox 1831 1858 1892 1921; x_wconf 93' lang='lat' dir='ltr'>in</span> <span class='ocrx_word' id='word_1_131' title='bbox 1925 1860 2132 1923; x_wconf 85' lang='lat' dir='ltr'>sunere</span> <span class='ocrx_word' id='word_1_132' title='bbox 2155 1883 2324 1947; x_wconf 87' lang='lat' dir='ltr'>prae-</span> <span class='ocrx_word' id='word_1_133' title='bbox 2366 1883 2369 1886; x_wconf 89' lang='grc'>·</span> 
     </span>
     <span class='ocr_line' id='line_1_19' title="bbox 404 1942 2322 2031; baseline 0.001 -24"><span class='ocrx_word' id='word_1_134' title='bbox 404 1944 610 2007; x_wconf 88' lang='lat' dir='ltr'>stitum</span> <span class='ocrx_word' id='word_1_135' title='bbox 643 1951 786 2018; x_wconf 84' lang='lat' dir='ltr'>t6r3</span> <span class='ocrx_word' id='word_1_136' title='bbox 810 1949 860 2023; x_wconf 84' lang='lat'>3)</span> <span class='ocrx_word' id='word_1_137' title='bbox 891 1943 1073 2006; x_wconf 89' lang='lat' dir='ltr'>rebus</span> <span class='ocrx_word' id='word_1_138' title='bbox 1098 1942 1271 2006; x_wconf 89' lang='lat' dir='ltr'>laetis</span> <span class='ocrx_word' id='word_1_139' title='bbox 1297 1956 1626 2031; x_wconf 81' lang='lat' dir='ltr'>acceptum,</span> <span class='ocrx_word' id='word_1_140' title='bbox 1661 1943 1979 2009; x_wconf 88' lang='lat' dir='ltr'>etiamnum</span> <span class='ocrx_word' id='word_1_141' title='bbox 2007 1945 2322 2010; x_wconf 73' lang='lat' dir='ltr'>aldomas</span> 
     </span>
    </p>
   </div>
   <div class='ocr_carea' id='block_1_5' title="bbox 398 2126 2356 3565">
    <p class='ocr_par' dir='ltr' id='par_1_5' title="bbox 398 2126 2356 3051">
     <span class='ocr_line' id='line_1_20' title="bbox 541 2126 2356 2195; baseline 0.002 -17"><span class='ocrx_word' id='word_1_142' title='bbox 541 2131 585 2191; x_wconf 87' lang='grc'>1)</span> <span class='ocrx_word' id='word_1_143' title='bbox 628 2129 769 2194; x_wconf 90' lang='lat' dir='ltr'>Apud</span> <span class='ocrx_word' id='word_1_144' title='bbox 805 2129 1082 2179; x_wconf 89' lang='lat' dir='ltr'>Hansitium</span> <span class='ocrx_word' id='word_1_145' title='bbox 1111 2128 1345 2195; x_wconf 89' lang='lat' dir='ltr'>Episcopi</span> <span class='ocrx_word' id='word_1_146' title='bbox 1375 2129 1659 2180; x_wconf 87' lang='lat' dir='ltr'>Germaniae</span> <span class='ocrx_word' id='word_1_147' title='bbox 1687 2131 1747 2180; x_wconf 88' lang='lat' dir='ltr'>ad</span> <span class='ocrx_word' id='word_1_148' title='bbox 1775 2146 1819 2181; x_wconf 85' lang='lat' dir='ltr'>a.</span> <span class='ocrx_word' id='word_1_149' title='bbox 1844 2126 1983 2180; x_wconf 82' lang='lat'><strong>899.</strong></span> <span class='ocrx_word' id='word_1_150' title='bbox 2021 2130 2204 2192; x_wconf 82' lang='lat' dir='ltr'>„Quod</span> <span class='ocrx_word' id='word_1_151' title='bbox 2228 2146 2322 2182; x_wconf 91' lang='lat' dir='ltr'>nos</span> <span class='ocrx_word' id='word_1_152' title='bbox 2354 2172 2356 2174; x_wconf 93' lang='lat'>.</span> 
     </span>
     <span class='ocr_line' id='line_1_21' title="bbox 403 2215 2323 2281; baseline 0.001 -15"><span class='ocrx_word' id='word_1_153' title='bbox 403 2215 607 2281; x_wconf 83' lang='lat' dir='ltr'>praefati</span> <span class='ocrx_word' id='word_1_154' title='bbox 646 2215 836 2265; x_wconf 87' lang='lat' dir='ltr'>Schlavi</span> <span class='ocrx_word' id='word_1_155' title='bbox 874 2215 1279 2276; x_wconf 83' lang='lat' dir='ltr'>criminabantur,</span> <span class='ocrx_word' id='word_1_156' title='bbox 1331 2232 1444 2266; x_wconf 91' lang='lat' dir='ltr'>cum</span> <span class='ocrx_word' id='word_1_157' title='bbox 1483 2216 1688 2281; x_wconf 85' lang='lat' dir='ltr'>Ungaris</span> <span class='ocrx_word' id='word_1_158' title='bbox 1719 2216 1864 2266; x_wconf 83' lang='lat' dir='ltr'>fidem</span> <span class='ocrx_word' id='word_1_159' title='bbox 1895 2215 2186 2266; x_wconf 82' lang='lat' dir='ltr'>catholicam</span> <span class='ocrx_word' id='word_1_160' title='bbox 2213 2217 2323 2268; x_wconf 83' lang='lat' dir='ltr'>vio—</span> 
     </span>
     <span class='ocr_line' id='line_1_22' title="bbox 404 2301 2323 2367; baseline 0.001 -17"><span class='ocrx_word' id='word_1_161' title='bbox 404 2302 559 2362; x_wconf 78' lang='lat' dir='ltr'>lasse,</span> <span class='ocrx_word' id='word_1_162' title='bbox 610 2307 659 2350; x_wconf 88' lang='lat' dir='ltr'>et</span> <span class='ocrx_word' id='word_1_163' title='bbox 694 2317 784 2366; x_wconf 90' lang='lat' dir='ltr'>per</span> <span class='ocrx_word' id='word_1_164' title='bbox 813 2316 1010 2360; x_wconf 76' lang='lat' dir='ltr'>canem,</span> <span class='ocrx_word' id='word_1_165' title='bbox 1057 2316 1145 2351; x_wconf 89' lang='lat' dir='ltr'>seu</span> <span class='ocrx_word' id='word_1_166' title='bbox 1174 2301 1372 2366; x_wconf 92' lang='lat' dir='ltr'>lupum,</span> <span class='ocrx_word' id='word_1_167' title='bbox 1423 2301 1637 2367; x_wconf 90' lang='lat' dir='ltr'>aliasque</span> <span class='ocrx_word' id='word_1_168' title='bbox 1672 2301 2047 2354; x_wconf 85' lang='lat' dir='ltr'>nefandissimas</span> <span class='ocrx_word' id='word_1_169' title='bbox 2078 2307 2127 2351; x_wconf 91' lang='lat' dir='ltr'>et</span> <span class='ocrx_word' id='word_1_170' title='bbox 2156 2303 2323 2352; x_wconf 88' lang='lat' dir='ltr'>ethni-</span> 
     </span>
     <span class='ocr_line' id='line_1_23' title="bbox 404 2387 2319 2453; baseline 0.001 -17"><span class='ocrx_word' id='word_1_171' title='bbox 404 2403 487 2436; x_wconf 91' lang='lat' dir='ltr'>cas</span> <span class='ocrx_word' id='word_1_172' title='bbox 533 2402 614 2436; x_wconf 88' lang='lat' dir='ltr'>res</span> <span class='ocrx_word' id='word_1_173' title='bbox 662 2393 968 2443; x_wconf 83' lang='lat' dir='ltr'>sacramenta</span> <span class='ocrx_word' id='word_1_174' title='bbox 1021 2393 1069 2437; x_wconf 88' lang='lat' dir='ltr'>et</span> <span class='ocrx_word' id='word_1_175' title='bbox 1115 2402 1286 2452; x_wconf 85' lang='lat' dir='ltr'>pacem</span> <span class='ocrx_word' id='word_1_176' title='bbox 1335 2388 1532 2452; x_wconf 87' lang='lat' dir='ltr'>egisse“</span> <span class='ocrx_word' id='word_1_177' title='bbox 1590 2394 1685 2438; x_wconf 87' lang='lat' dir='ltr'>cet.</span> <span class='ocrx_word' id='word_1_178' title='bbox 1736 2387 1795 2437; x_wconf 90' lang='lat' dir='ltr'>de</span> <span class='ocrx_word' id='word_1_179' title='bbox 1833 2387 1929 2437; x_wconf 90' lang='lat' dir='ltr'>hoc</span> <span class='ocrx_word' id='word_1_180' title='bbox 1975 2387 2319 2453; x_wconf 89' lang='lat' dir='ltr'>Hungarorum</span> 
     </span>
     <span class='ocr_line' id='line_1_24' title="bbox 402 2471 2315 2536; baseline 0.001 -14"><span class='ocrx_word' id='word_1_181' title='bbox 402 2488 540 2522; x_wconf 87' lang='lat' dir='ltr'>more</span> <span class='ocrx_word' id='word_1_182' title='bbox 581 2471 773 2523; x_wconf 86' lang='lat' dir='ltr'>abunde</span> <span class='ocrx_word' id='word_1_183' title='bbox 809 2478 1069 2522; x_wconf 87' lang='lat' dir='ltr'>testantur.</span> <span class='ocrx_word' id='word_1_184' title='bbox 1125 2472 1408 2523; x_wconf 89' lang='lat' dir='ltr'>Joinvilleus</span> <span class='ocrx_word' id='word_1_185' title='bbox 1449 2473 1498 2523; x_wconf 89' lang='lat' dir='ltr'>in</span> <span class='ocrx_word' id='word_1_186' title='bbox 1540 2473 1634 2523; x_wconf 87' lang='lat' dir='ltr'>vita</span> <span class='ocrx_word' id='word_1_187' title='bbox 1672 2489 1715 2523; x_wconf 78' lang='lat' dir='ltr'>s,</span> <span class='ocrx_word' id='word_1_188' title='bbox 1758 2472 1883 2524; x_wconf 86' lang='lat' dir='ltr'>Lud.</span> <span class='ocrx_word' id='word_1_189' title='bbox 1926 2473 2138 2536; x_wconf 87' lang='lat' dir='ltr'>(Histoir</span> <span class='ocrx_word' id='word_1_190' title='bbox 2174 2474 2235 2524; x_wconf 89' lang='lat' dir='ltr'>de</span> <span class='ocrx_word' id='word_1_191' title='bbox 2273 2490 2315 2524; x_wconf 79' lang='lat' dir='ltr'>s,</span> 
     </span>
     <span class='ocr_line' id='line_1_25' title="bbox 403 2553 2315 2626; baseline 0.001 -19"><span class='ocrx_word' id='word_1_192' title='bbox 403 2557 578 2621; x_wconf 88' lang='lat' dir='ltr'>Louis;</span> <span class='ocrx_word' id='word_1_193' title='bbox 613 2558 728 2609; x_wconf 89' lang='lat' dir='ltr'>edit.</span> <span class='ocrx_word' id='word_1_194' title='bbox 751 2557 885 2610; x_wconf 89' lang='lat' dir='ltr'>Paris</span> <span class='ocrx_word' id='word_1_195' title='bbox 911 2555 1064 2609; x_wconf 84' lang='lat'>1761</span> <span class='ocrx_word' id='word_1_196' title='bbox 1098 2574 1149 2626; x_wconf 91' lang='lat' dir='ltr'>p.</span> <span class='ocrx_word' id='word_1_197' title='bbox 1182 2553 1323 2620; x_wconf 65' lang='lat'>104)</span> <span class='ocrx_word' id='word_1_198' title='bbox 1357 2560 1416 2609; x_wconf 90' lang='lat' dir='ltr'>de</span> <span class='ocrx_word' id='word_1_199' title='bbox 1442 2559 1691 2619; x_wconf 80' lang='lat' dir='ltr'>CumaniS‚</span> <span class='ocrx_word' id='word_1_200' title='bbox 1725 2558 2059 2624; x_wconf 87' lang='lat' dir='ltr'>sanguineque</span> <span class='ocrx_word' id='word_1_201' title='bbox 2088 2574 2178 2624; x_wconf 90' lang='lat' dir='ltr'>per</span> <span class='ocrx_word' id='word_1_202' title='bbox 2203 2559 2315 2621; x_wconf 80' lang='lat' dir='ltr'>hoS,</span> 
     </span>
     <span class='ocr_line' id='line_1_26' title="bbox 403 2643 2318 2709; baseline 0.001 -16"><span class='ocrx_word' id='word_1_203' title='bbox 403 2644 519 2694; x_wconf 88' lang='lat' dir='ltr'>dum</span> <span class='ocrx_word' id='word_1_204' title='bbox 559 2659 672 2694; x_wconf 90' lang='lat' dir='ltr'>cum</span> <span class='ocrx_word' id='word_1_205' title='bbox 711 2643 898 2708; x_wconf 85' lang='lat' dir='ltr'>graecis</span> <span class='ocrx_word' id='word_1_206' title='bbox 938 2644 1332 2708; x_wconf 87' lang='lat' dir='ltr'>paciscerentur,</span> <span class='ocrx_word' id='word_1_207' title='bbox 1388 2644 1557 2696; x_wconf 91' lang='lat' dir='ltr'>incisis</span> <span class='ocrx_word' id='word_1_208' title='bbox 1605 2643 1925 2709; x_wconf 81' lang='lat' dir='ltr'>corporibuS‚</span> <span class='ocrx_word' id='word_1_209' title='bbox 1977 2643 2157 2695; x_wconf 89' lang='lat' dir='ltr'>emisso</span> <span class='ocrx_word' id='word_1_210' title='bbox 2187 2645 2318 2695; x_wconf 88' lang='lat' dir='ltr'>idem</span> 
     </span>
     <span class='ocr_line' id='line_1_27' title="bbox 403 2728 2318 2795; baseline 0.002 -18"><span class='ocrx_word' id='word_1_211' title='bbox 403 2735 590 2790; x_wconf 81' lang='lat' dir='ltr'>narrat,</span> <span class='ocrx_word' id='word_1_212' title='bbox 625 2728 910 2794; x_wconf 87' lang='lat' dir='ltr'>adjicitque,</span> <span class='ocrx_word' id='word_1_213' title='bbox 945 2745 1115 2783; x_wconf 87' lang='lat' dir='ltr'>canem</span> <span class='ocrx_word' id='word_1_214' title='bbox 1146 2730 1195 2782; x_wconf 91' lang='lat' dir='ltr'>in</span> <span class='ocrx_word' id='word_1_215' title='bbox 1227 2731 1443 2781; x_wconf 91' lang='lat' dir='ltr'>medium</span> <span class='ocrx_word' id='word_1_216' title='bbox 1473 2730 1826 2795; x_wconf 87' lang='lat' dir='ltr'>paciscentium</span> <span class='ocrx_word' id='word_1_217' title='bbox 1858 2730 2113 2791; x_wconf 85' lang='lat' dir='ltr'>eductum,</span> <span class='ocrx_word' id='word_1_218' title='bbox 2147 2730 2318 2781; x_wconf 90' lang='lat' dir='ltr'>amba·—</span> 
     </span>
     <span class='ocr_line' id='line_1_28' title="bbox 402 2814 2318 2881; baseline 0.002 -19"><span class='ocrx_word' id='word_1_219' title='bbox 402 2829 512 2863; x_wconf 89' lang='lat' dir='ltr'>rum</span> <span class='ocrx_word' id='word_1_220' title='bbox 537 2814 747 2878; x_wconf 88' lang='lat' dir='ltr'>partium</span> <span class='ocrx_word' id='word_1_221' title='bbox 776 2814 945 2878; x_wconf 83' lang='lat' dir='ltr'>gladiis</span> <span class='ocrx_word' id='word_1_222' title='bbox 964 2815 1188 2879; x_wconf 81' lang='lat' dir='ltr'>petitum,</span> <span class='ocrx_word' id='word_1_223' title='bbox 1221 2815 1544 2881; x_wconf 85' lang='lat' dir='ltr'>minutimque</span> <span class='ocrx_word' id='word_1_224' title='bbox 1564 2815 1818 2865; x_wconf 87' lang='lat' dir='ltr'>concisum</span> <span class='ocrx_word' id='word_1_225' title='bbox 1838 2815 2006 2875; x_wconf 90' lang='lat' dir='ltr'>fuisse,</span> <span class='ocrx_word' id='word_1_226' title='bbox 2037 2815 2318 2880; x_wconf 87' lang='lat' dir='ltr'>imprecan-</span> 
     </span>
     <span class='ocr_line' id='line_1_29' title="bbox 403 2898 2316 2967; baseline 0.002 -19"><span class='ocrx_word' id='word_1_227' title='bbox 403 2898 532 2948; x_wconf 86' lang='lat' dir='ltr'>tibus</span> <span class='ocrx_word' id='word_1_228' title='bbox 570 2898 835 2948; x_wconf 86' lang='lat' dir='ltr'>identidem</span> <span class='ocrx_word' id='word_1_229' title='bbox 874 2899 1120 2960; x_wconf 84' lang='lat' dir='ltr'>barbariS‚</span> <span class='ocrx_word' id='word_1_230' title='bbox 1162 2907 1216 2952; x_wconf 91' lang='lat' dir='ltr'>ut</span> <span class='ocrx_word' id='word_1_231' title='bbox 1246 2901 1420 2950; x_wconf 90' lang='lat' dir='ltr'>eodem</span> <span class='ocrx_word' id='word_1_232' title='bbox 1450 2900 1597 2951; x_wconf 90' lang='lat' dir='ltr'>modo</span> <span class='ocrx_word' id='word_1_233' title='bbox 1628 2907 1854 2965; x_wconf 82' lang='lat' dir='ltr'>pereant,</span> <span class='ocrx_word' id='word_1_234' title='bbox 1903 2901 1985 2966; x_wconf 90' lang='lat' dir='ltr'>qui</span> <span class='ocrx_word' id='word_1_235' title='bbox 2015 2901 2188 2951; x_wconf 84' lang='lat' dir='ltr'>foedus</span> <span class='ocrx_word' id='word_1_236' title='bbox 2213 2901 2316 2967; x_wconf 89' lang='lat' dir='ltr'>jam</span> 
     </span>
     <span class='ocr_line' id='line_1_30' title="bbox 398 2982 2311 3051; baseline 0.002 -17"><span class='ocrx_word' id='word_1_237' title='bbox 398 2983 500 3050; x_wconf 90' lang='lat' dir='ltr'>jam</span> <span class='ocrx_word' id='word_1_238' title='bbox 530 2984 703 3034; x_wconf 89' lang='lat' dir='ltr'>initum</span> <span class='ocrx_word' id='word_1_239' title='bbox 736 2990 901 3035; x_wconf 85' lang='lat' dir='ltr'>essent</span> <span class='ocrx_word' id='word_1_240' title='bbox 930 2984 1171 3043; x_wconf 77' lang='lat' dir='ltr'>violaturi.</span> <span class='ocrx_word' id='word_1_241' title='bbox 1219 2985 1456 3034; x_wconf 84' lang='lat' dir='ltr'>Cornides</span> <span class='ocrx_word' id='word_1_242' title='bbox 1488 3001 1534 3034; x_wconf 91' lang='lat'>0.</span> <span class='ocrx_word' id='word_1_243' title='bbox 1569 3001 1614 3035; x_wconf 90' lang='lat' dir='ltr'>c.</span> <span class='ocrx_word' id='word_1_244' title='bbox 1647 2992 1696 3035; x_wconf 88' lang='lat' dir='ltr'>et</span> <span class='ocrx_word' id='word_1_245' title='bbox 1720 3001 1867 3051; x_wconf 89' lang='lat' dir='ltr'>supra</span> <span class='ocrx_word' id='word_1_246' title='bbox 1898 2986 1957 3035; x_wconf 91' lang='lat' dir='ltr'>ad</span> <span class='ocrx_word' id='word_1_247' title='bbox 1987 2991 2016 3046; x_wconf 82' lang='lat'>§</span> <span class='ocrx_word' id='word_1_248' title='bbox 2046 2982 2140 3037; x_wconf 90' lang='grc'><strong>13.</strong></span> <span class='ocrx_word' id='word_1_249' title='bbox 2173 3003 2224 3038; x_wconf 89' lang='lat' dir='ltr'>n.</span> <span class='ocrx_word' id='word_1_250' title='bbox 2259 2984 2311 3040; x_wconf 85' lang='lat'>1.</span> 
     </span>
    </p>

    <p class='ocr_par' dir='ltr' id='par_1_6' title="bbox 403 3069 2315 3391">
     <span class='ocr_line' id='line_1_31' title="bbox 536 3069 2310 3138; baseline 0.002 -19"><span class='ocrx_word' id='word_1_251' title='bbox 536 3072 582 3132; x_wconf 87' lang='lat'>2)</span> <span class='ocrx_word' id='word_1_252' title='bbox 628 3069 739 3121; x_wconf 87' lang='lat' dir='ltr'>Not.</span> <span class='ocrx_word' id='word_1_253' title='bbox 774 3069 829 3119; x_wconf 91' lang='lat' dir='ltr'>B.</span> <span class='ocrx_word' id='word_1_254' title='bbox 857 3069 915 3118; x_wconf 90' lang='lat' dir='ltr'>R.</span> <span class='ocrx_word' id='word_1_255' title='bbox 949 3070 1097 3120; x_wconf 82' lang='lat' dir='ltr'>refert</span> <span class='ocrx_word' id='word_1_256' title='bbox 1127 3069 1264 3120; x_wconf 90' lang='lat' dir='ltr'>Ketel</span> <span class='ocrx_word' id='word_1_257' title='bbox 1294 3077 1341 3119; x_wconf 88' lang='lat' dir='ltr'>et</span> <span class='ocrx_word' id='word_1_258' title='bbox 1371 3070 1594 3120; x_wconf 90' lang='lat' dir='ltr'>Tulmam</span> <span class='ocrx_word' id='word_1_259' title='bbox 1619 3070 1754 3135; x_wconf 86' lang='lat' dir='ltr'>juxta</span> <span class='ocrx_word' id='word_1_260' title='bbox 1774 3071 2048 3122; x_wconf 88' lang='lat' dir='ltr'>Danubium</span> <span class='ocrx_word' id='word_1_261' title='bbox 2080 3088 2187 3138; x_wconf 89' lang='lat' dir='ltr'>cap.</span> <span class='ocrx_word' id='word_1_262' title='bbox 2215 3069 2310 3124; x_wconf 83' lang='lat'>53.</span> 
     </span>
     <span class='ocr_line' id='line_1_32' title="bbox 403 3153 2315 3223; baseline 0.003 -19"><span class='ocrx_word' id='word_1_263' title='bbox 403 3156 646 3221; x_wconf 89' lang='lat' dir='ltr'>Arpadum</span> <span class='ocrx_word' id='word_1_264' title='bbox 672 3154 806 3220; x_wconf 87' lang='lat' dir='ltr'>juxta</span> <span class='ocrx_word' id='word_1_265' title='bbox 840 3163 987 3223; x_wconf 89' lang='lat' dir='ltr'>caput</span> <span class='ocrx_word' id='word_1_266' title='bbox 1015 3155 1147 3220; x_wconf 86' lang='lat' dir='ltr'>parvi</span> <span class='ocrx_word' id='word_1_267' title='bbox 1178 3155 1392 3207; x_wconf 87' lang='lat' dir='ltr'>fluminis</span> <span class='ocrx_word' id='word_1_268' title='bbox 1425 3172 1532 3222; x_wconf 86' lang='lat' dir='ltr'>cap.</span> <span class='ocrx_word' id='word_1_269' title='bbox 1566 3153 1661 3209; x_wconf 81' lang='lat'>56.</span> <span class='ocrx_word' id='word_1_270' title='bbox 1705 3156 2002 3207; x_wconf 91' lang='lat' dir='ltr'>Botondium</span> <span class='ocrx_word' id='word_1_271' title='bbox 2032 3174 2186 3223; x_wconf 89' lang='lat' dir='ltr'>prope</span> <span class='ocrx_word' id='word_1_272' title='bbox 2216 3159 2315 3209; x_wconf 90' lang='lat' dir='ltr'>flu-</span> 
     </span>
     <span class='ocr_line' id='line_1_33' title="bbox 403 3237 2313 3308; baseline 0.004 -20"><span class='ocrx_word' id='word_1_273' title='bbox 403 3240 532 3290; x_wconf 89' lang='lat' dir='ltr'>vium</span> <span class='ocrx_word' id='word_1_274' title='bbox 553 3241 762 3291; x_wconf 73' lang='lat' dir='ltr'>Verocze</span> <span class='ocrx_word' id='word_1_275' title='bbox 793 3256 900 3305; x_wconf 87' lang='lat' dir='ltr'>cap.</span> <span class='ocrx_word' id='word_1_276' title='bbox 928 3237 1022 3294; x_wconf 84' lang='lat'>57.</span> <span class='ocrx_word' id='word_1_277' title='bbox 1050 3240 1403 3293; x_wconf 91' lang='lat' dir='ltr'>Thonuzobum</span> <span class='ocrx_word' id='word_1_278' title='bbox 1433 3243 1493 3291; x_wconf 87' lang='lat' dir='ltr'>ad</span> <span class='ocrx_word' id='word_1_279' title='bbox 1523 3248 1719 3307; x_wconf 87' lang='lat' dir='ltr'>portum</span> <span class='ocrx_word' id='word_1_280' title='bbox 1753 3242 1889 3292; x_wconf 90' lang='lat' dir='ltr'>Obad</span> <span class='ocrx_word' id='word_1_281' title='bbox 1920 3258 2027 3308; x_wconf 91' lang='lat' dir='ltr'>cap.</span> <span class='ocrx_word' id='word_1_282' title='bbox 2066 3240 2160 3295; x_wconf 86' lang='lat'>57.</span> <span class='ocrx_word' id='word_1_283' title='bbox 2188 3260 2313 3295; x_wconf 90' lang='lat' dir='ltr'>con-</span> 
     </span>
     <span class='ocr_line' id='line_1_34' title="bbox 403 3325 2079 3391; baseline 0.003 -17"><span class='ocrx_word' id='word_1_284' title='bbox 403 3325 547 3376; x_wconf 74' lang='lat' dir='ltr'>ditos,</span> <span class='ocrx_word' id='word_1_285' title='bbox 593 3326 790 3377; x_wconf 84' lang='lat' dir='ltr'>Juratur</span> <span class='ocrx_word' id='word_1_286' title='bbox 819 3325 878 3378; x_wconf 86' lang='lat' dir='ltr'>ab</span> <span class='ocrx_word' id='word_1_287' title='bbox 903 3326 1002 3378; x_wconf 83' lang='lat' dir='ltr'>-illis</span> <span class='ocrx_word' id='word_1_288' title='bbox 1031 3326 1187 3391; x_wconf 84' lang='lat' dir='ltr'>ignis</span> <span class='ocrx_word' id='word_1_289' title='bbox 1218 3333 1267 3376; x_wconf 89' lang='lat' dir='ltr'>et</span> <span class='ocrx_word' id='word_1_290' title='bbox 1295 3328 1424 3378; x_wconf 88' lang='lat' dir='ltr'>unda</span> <span class='ocrx_word' id='word_1_291' title='bbox 1454 3328 1610 3390; x_wconf 89' lang='lat' dir='ltr'>Dcus;</span> <span class='ocrx_word' id='word_1_292' title='bbox 1656 3327 1803 3379; x_wconf 91' lang='lat' dir='ltr'>habet</span> <span class='ocrx_word' id='word_1_293' title='bbox 1833 3329 2079 3379; x_wconf 75' lang='lat' dir='ltr'>Sidonius,</span> 
     </span>
    </p>

    <p class='ocr_par' dir='ltr' id='par_1_7' title="bbox 403 3411 2307 3565">
     <span class='ocr_line' id='line_1_35' title="bbox 535 3411 2307 3476; baseline 0.002 -15"><span class='ocrx_word' id='word_1_294' title='bbox 535 3412 582 3473; x_wconf 82' lang='lat'>3)</span> <span class='ocrx_word' id='word_1_295' title='bbox 627 3411 697 3461; x_wconf 90' lang='lat' dir='ltr'>De</span> <span class='ocrx_word' id='word_1_296' title='bbox 728 3412 891 3463; x_wconf 87' lang='lat' dir='ltr'>caenis</span> <span class='ocrx_word' id='word_1_297' title='bbox 921 3412 1207 3462; x_wconf 84' lang='lat' dir='ltr'>funebribus</span> <span class='ocrx_word' id='word_1_298' title='bbox 1234 3412 1524 3464; x_wconf 89' lang='lat' dir='ltr'>Hunnorum</span> <span class='ocrx_word' id='word_1_299' title='bbox 1555 3414 1692 3476; x_wconf 88' lang='lat' dir='ltr'>alibi;</span> <span class='ocrx_word' id='word_1_300' title='bbox 1724 3430 1906 3464; x_wconf 90' lang='lat' dir='ltr'>nomen</span> <span class='ocrx_word' id='word_1_301' title='bbox 1936 3415 2109 3465; x_wconf 87' lang='lat' dir='ltr'>harum</span> <span class='ocrx_word' id='word_1_302' title='bbox 2141 3415 2307 3465; x_wconf 83' lang='lat' dir='ltr'>Stava</span> 
     </span>
     <span class='ocr_line' id='line_1_36' title="bbox 403 3495 2301 3565; baseline 0.004 -22"><span class='ocrx_word' id='word_1_303' title='bbox 403 3496 529 3558; x_wconf 87' lang='lat' dir='ltr'>apud</span> <span class='ocrx_word' id='word_1_304' title='bbox 552 3495 847 3547; x_wconf 86' lang='lat' dir='ltr'>Jornandem</span> <span class='ocrx_word' id='word_1_305' title='bbox 880 3498 1100 3564; x_wconf 90' lang='lat' dir='ltr'>ejusdem</span> <span class='ocrx_word' id='word_1_306' title='bbox 1131 3497 1240 3549; x_wconf 90' lang='lat' dir='ltr'>labii</span> <span class='ocrx_word' id='word_1_307' title='bbox 1272 3506 1364 3560; x_wconf 79' lang='lat' dir='ltr'>est,</span> <span class='ocrx_word' id='word_1_308' title='bbox 1397 3499 1539 3565; x_wconf 88' lang='lat' dir='ltr'>cujus</span> <span class='ocrx_word' id='word_1_309' title='bbox 1569 3500 1829 3560; x_wconf 85' lang='lat' dir='ltr'>medum,</span> <span class='ocrx_word' id='word_1_310' title='bbox 1862 3506 1945 3550; x_wconf 90' lang='lat' dir='ltr'>aut</span> <span class='ocrx_word' id='word_1_311' title='bbox 1973 3500 2186 3565; x_wconf 87' lang='lat' dir='ltr'>pravda</span> <span class='ocrx_word' id='word_1_312' title='bbox 2217 3500 2301 3563; x_wconf 84' lang='lat' dir='ltr'>(ita</span> 
     </span>
    </p>
   </div>
  </div>
 </body>
</html>
