2384 3886
340 252 462 309 382

1182 493 1223 569 g
1269 495 1408 553 188.

631 662 731 727 Op.
774 660 910 726 trip.
951 659 1005 710 P.
1041 660 1110 710 ΙΙ.
1150 661 1240 710 tit.
1281 655 1382 710 14.
1425 665 1454 720 ἓ
1490 658 1591 710 11.
1634 661 1972 726 explicatur

514 829 725 910 ltaque
761 823 1067 902 nim-irum,
1115 823 1270 909 quod
1303 825 1367 886 V
1371 822 1683 886 erbdczius
1725 823 1923 910 operis
1959 825 2053 887 sui
2086 827 2156 887 P.
2186 829 2263 890 ll.

347 911 434 975 tit.
469 918 565 974 14.
609 915 650 991 §
689 919 784 972 11.
838 910 1071 972 scribit:
1121 913 1280 995 „jam
1308 920 1524 971 ‘aetate
1582 908 1634 972 d.
1673 909 1965 996 Stephani
2009 910 2265 974 Nobiles

346 998 583 1083 plures,
630 997 1059 1072 Collectarum‚
1107 1018 1181 1057 ex
1220 1006 1390 1081 parte
1432 994 1791 1058 Colonorum
1830 1019 2074 1059 suorum
2108 997 2266 1060 solu-

347 1083 509 1146 tione
553 1081 840 1145 obnoxios
885 1080 1073 1143 fuisse
1113 1083 1310 1178 Regi“
1352 1079 1412 1141 in
1449 1103 1515 1143 re
1550 1078 1683 1167 ipsa
1717 1104 1955 1155 verum3
2003 1082 2269 1146 Collecta

349 1168 502 1232 enim
551 1167 904 1242 vocabatur,
981 1164 1262 1252 quidquid
1314 1165 1586 1251 Regibus
1641 1164 2028 1230 descensus
2060 1166 2267 1231 titulo

347 1253 698 1339 praestitum
723 1251 848 1314 fuit.
878 1251 1037 1315 Huic
1065 1275 1183 1315 non
1213 1263 1444 1315 tantum
1475 1250 1753 1329 Nobiles,
1789 1251 1897 1315 sed
1926 1251 2091 1339 ipsos
2121 1252 2269 1317 adeo

348 1339 598 1426 populos
630 1337 840 1401 horum
873 1338 1011 1423 lege
1036 1337 1320 1401 Andreae
1354 1340 1431 1399 Il.
1461 1349 1729 1400 exemtos
1756 1361 1892 1402 esse
1955 1339 2137 1402 ariter
2154 1339 2269 1401 cla-

349 1448 509 1497 rum3
557 1424 881 1487 Colleotam
919 1435 1119 1487 tamen
1163 1447 1234 1487 ea
1276 1423 1453 1487 etiam
1491 1436 1684 1510 parte,
1740 1446 1855 1509 qua
1895 1361 2271 1488 dbnationem

350 1509 665 1596 (ajandek‚
697 1533 911 1572 munus
950 1508 1364 1587 honorarium,
1402 1508 1759 1585 subsidium)
1801 1509 2129 1596 significat,
2163 1533 2272 1598 per

351 1598 545 1683 legem
571 1619 700 1658 eam
720 1594 1003 1659 Andreae
1029 1594 1284 1659 desiisse
1301 1644 1315 1673 ‚
1347 1618 1457 1659 nec
1479 1594 1860 1658 Verbdczius
1886 1596 2130 1674 asserit,
2159 1619 2271 1658 nec

352 1682 535 1746 statui
567 1694 773 1746 contra
812 1680 985 1746 fidem
1020 1680 1402 1769 diplomatum
1435 1692 1652 1768 potest.

1197 1888 1239 1965 g
1287 1890 1425 1948 189.

638 2055 949 2105 Nobilibus
981 2056 1146 2119 regni
1177 2053 1549 2105 immunitate
1583 2055 1985 2107 Collectarum

526 2219 729 2283 Rebus
772 2217 843 2280 ad
893 2216 1142 2303 gradum
1191 2216 1348 2279 hunc
1392 2216 1695 2296 adductis,
1756 2219 2047 2306 reliquum
2089 2244 2273 2308 nego-

356 2307 501 2369 tium
535 2328 706 2368 omne
731 2307 854 2391 jam
897 2302 1162 2366 succedit
1197 2302 1310 2366 sub
1342 2326 1571 2366 manus,
1603 2311 1648 2384 1)
1703 2304 1966 2369 Comites
2012 2318 2072 2369 et
2104 2307 2277 2371 liberi

360 2416 467 2455 seu
509 2390 726 2454 milites
769 2389 821 2452 d.
866 2387 1187 2477 Stephani,
1248 2389 1323 2451 ab
1380 2389 1538 2453 omni
1587 2391 1855 2454 Collecta
1908 2391 2102 2478 regali
2151 2417 2274 2480 pro

357 2477 625 2541 tributo
671 2488 868 2539 sumta
898 2475 1221 2553 immunes,
1272 2476 1604 2539 ‘Collectam
1662 2499 1894 2564 quoque
1950 2477 2275 2542 extraordi-

357 2563 583 2626 nariam
614 2586 731 2627 non
770 2560 914 2649 ipsi,
962 2583 1167 2625 verum
1202 2561 1395 2626 coloni
1428 2585 1631 2626 eorum
1666 2562 2084 2650 praestabant3
2132 2567 2274 2628 Ser-

497 2810 539 2868 l)
583 2808 654 2857 Ad
698 2809 833 2873 leges
876 2808 987 2859 alibi
1026 2809 1195 2870 citatas
1236 2809 1385 2871 adde,
1435 2810 1567 2875 quod
1605 2810 1656 2860 in
1697 2810 1908 2876 Regesto
1948 2812 2009 2861 de
2048 2811 2274 2863 Thurocz

360 2901 677 2957 provocatur,
718 2893 862 2944 Belae
899 2894 976 2944 IV.
1020 2895 1080 2944 de
1119 2910 1164 2944 a.
1203 2892 1362 2945 1250
1403 2896 1707 2961 privilegium
1743 2896 1921 2947 Joanni
1950 2897 2048 2947 filio
2079 2896 2274 2948 Namzel

360 2994 653 3029 concessum
695 2987 787 3040 „ut
825 2995 1147 3046 quaecunque
1177 2981 1354 3046 regalis
1386 2981 1590 3032 collecta
1618 2979 1668 3031 in
1698 2997 1850 3048 regno
1882 2999 1973 3034 suo
2005 2990 2271 3044 emanaret,

360 3065 488 3115 sicut
525 3064 760 3114 nobiles
798 3065 966 3130 regni
1008 3065 1083 3115 sui
1115 3066 1260 3116 talem
1292 3067 1559 3117 Collectam
1591 3066 1682 3117 sibi
1714 3067 1828 3117 dare
1857 3084 1959 3118 non
1988 3073 2272 3119 teneatur.“
2368 3059 2383 3123 ,ὲ

361 3150 468 3200 Huc
498 3150 612 3200 facit
641 3150 784 3200 etiam
817 3151 1120 3216 privilegium
1150 3151 1270 3202 Lad.
1304 3153 1380 3202 lv.
1415 3153 1492 3215 (V.
1526 3169 1571 3202 v.
1607 3150 1662 3202 2.
1697 3169 1747 3218 p.
1782 3147 1930 3216 498)
1962 3171 2059 3220 quo
2088 3154 2277 3204 Johha-

360 3236 559 3300 gionum
591 3237 738 3286 castri
769 3237 970 3302 Zagrab.
1004 3236 1251 3287 libertates
1285 3239 1648 3300 confirmando,
1699 3239 1750 3288 in
1791 3240 1869 3289 his
1899 3255 2006 3290 eam
2035 3239 2151 3290 item
2182 3255 2276 3306 ap-
2372 3295 2384 3318 ζ

362 3322 535 3385 probat
576 3328 666 3382 „ut
704 3323 866 3372 nullus
907 3323 1235 3372 Collectorum
1268 3323 1591 3389 jobbagiones
1631 3325 1681 3374 in
1713 3325 1858 3375 Curia
1881 3341 2060 3376 eorum
2089 3325 2275 3375 Jobba-

362 3407 558 3469 gionum
594 3408 750 3457 Casti-i
783 3409 1045 3458 existentes
1077 3409 1268 3459 dicandi
1300 3410 1502 3460 haberet
1533 3410 1812 3474 optionem,
1854 3427 1944 3460 nec
1976 3412 2163 3461 ratione
2188 3411 2274 3476 ju—
2372 3407 2384 3461 ἶ-

364 3491 599 3541 ‹liciorum
634 3493 871 3542 exercitus
902 3495 1037 3559 ipsos
1075 3510 1336 3559 possemus
1373 3511 1623 3560 aggravare,
1669 3497 1761 3546 nisi
1799 3498 1966 3547 eadem
2008 3496 2270 3546 Collecta
2364 3480 2384 3541 Ξ

363 3586 772 3640 emergeretnr
812 3595 917 3642 per
957 3595 1198 3644 rognum
1237 3582 1704 3645 supradictmn.“
