2384 3886
395 176 543 232 ι168

1285 418 1328 494 §
1370 420 1468 477 61.

418 583 600 648 Geyza
638 582 768 647 ipse
806 583 1473 649 mediispropagandae
1512 585 1657 635 fidei
1690 585 1944 647 Christi,
1991 587 2166 637 etiam
2198 587 2327 639 dum

563 683 591 716 a
622 684 760 718 cura
790 668 899 718 hac
931 685 1215 719 cessasse
1245 670 1508 731 videtur,
1540 672 1877 737 prudenter
1905 671 2180 723 intendit.

518 856 528 862 ·
585 833 742 893 Pars
771 844 970 895 tamen
1006 837 1463 918 Hungarorum,
1501 856 1648 918 quae
1683 833 1979 898 Melitium
2008 833 2330 912 obtinebat,

411 917 645 1003 injussu
677 920 954 1003 Geyzae,
998 918 1113 981 imo
1146 943 1213 981 eo
1256 918 1588 994 obnitente,
1638 943 1866 983 omnem
1898 921 2016 983 late
2059 919 2331 983 viciniam

412 1002 822 1089 populabatur.
870 1003 1214 1090 Leopoldus
1258 1003 1459 1088 itaque
1493 1004 1984 1090 Babenbergicus
2021 1029 2133 1092 per
2158 1007 2331 1070 Otto-

412 1112 546 1151 nem
578 1092 656 1150 Π.
716 1088 1084 1151 Marchionis
1128 1088 1301 1151 titulo
1354 1089 1643 1152 Austriae
1696 1090 2060 1176 praefectuS,
2117 1092 2175 1153 in
2227 1115 2329 1154 eos

411 1173 623 1249 movit,
671 1196 923 1259 arceque
959 1174 1059 1236 illa
1092 1187 1432 1260 expugnata
1460 1179 1788 1260 Hungaros
1829 1176 1901 1239 ad
1932 1188 2191 1239 montem
2219 1178 2330 1240 Ce-

410 1259 555 1320 tium
599 1282 648 1319 a.
684 1266 811 1322 984
855 1259 1078 1345 rejecit.
1134 1260 1430 1322 Movisset
1456 1260 1606 1324 forte
1644 1261 1858 1324 iterata
1880 1265 2117 1349 jactura
2146 1276 2329 1349 popu-

409 1345 529 1406 lum
554 1344 759 1420 alium,
795 1358 860 1408 ut
891 1345 1156 1432 Principi
1195 1346 1264 1409 ad
1300 1369 1505 1433 pacem
1545 1360 1604 1410 et
1646 1347 1854 1425 otium,
1894 1371 2148 1434 quaeve,
2201 1349 2329 1411 sine

412 1429 860 1516 depopulatione
889 1443 948 1494 et
972 1430 1211 1519 praeda,
1247 1429 1507 1494 colendis
1531 1432 1697 1518 agris
1728 1445 2169 1520 comparantur,
2203 1457 2328 1497 cer-

407 1516 642 1578 tissima
673 1516 976 1580 commoda
1005 1517 1267 1593 vocanti,
1314 1517 1467 1580 dicto
1498 1518 1832 1581 audientem
1863 1542 1930 1581 se
1962 1531 2326 1606 praestare13

407 1605 740 1686 Hungaros
778 1626 892 1666 non
935 1602 1103 1677 item3
1152 1602 1250 1689 qui
1284 1615 1349 1665 ut
1381 1626 1687 1667 commune
1720 1627 1852 1666 cum
1887 1605 2124 1668 Hunnis
2168 1608 2327 1668 Var-

409 1687 737 1773 chunisque
773 1712 998 1773 genUS,
1042 1687 1150 1751 hoc
1197 1712 1428 1775 quoque
1469 1687 1712 1766 indicio,
1767 1711 2135 1775 cognoscas,
2191 1690 2329 1753 dum

408 1797 573 1835 arma
607 1786 1031 1860 superessent,
1077 1774 1157 1836 nil
1192 1773 1506 1861 quidquam
1548 1798 1777 1852 eorum,
1825 1798 1975 1862 quae
2009 1775 2103 1838 his
2135 1788 2326 1863 parta,

408 1858 641 1922 etiamsi
696 1859 920 1922 amissa
965 1859 1338 1938 viderentur,
1392 1884 1511 1923 non
1556 1860 2023 1947 recuperandum
2073 1861 2328 1926 ardenti-

406 1945 519 2007 bus
559 1945 984 2008 consuetudine
1018 1945 1276 2008 bellandi
1316 1945 1525 2008 animis
1556 1958 1616 2009 et
1647 1959 1789 2009 tunc
1824 1947 2097 2011 fortunae
2132 1948 2327 2025 etiam,

405 2043 471 2092 ut
502 2030 599 2108 fit,
648 2029 894 2094 obiratis
928 2031 1305 2118 jactitabant.
1350 2031 1431 2093 Hi
1465 2031 1653 2117 igitur
1689 2055 1822 2094 cum
1855 2033 2016 2097 flecti
2048 2047 2236 2097 semet
2266 2034 2327 2096 in

404 2139 692 2204 praesens
739 2140 859 2180 non
905 2130 1283 2203 paterentur,
1330 2117 1527 2203 frangi
1577 2141 1720 2181 vero
1762 2118 1878 2183 nisi
1915 2118 2156 2205 proviso
2208 2142 2327 2182 am—

405 2202 582 2288 pliori
617 2202 831 2264 virium
872 2203 1116 2282 robore,
1175 2216 1234 2267 et
1285 2216 1622 2266 exterorum
1658 2203 1718 2266 in
1757 2204 2131 2290 Hungariam
2178 2204 2324 2272 invi÷

404 2287 717 2351 tandorum
759 2288 975 2352 auxilio
1007 2312 1127 2353 non
1162 2302 1446 2376 possent,
1490 2288 1884 2375 tergiversari
1918 2313 2018 2353 res
2043 2291 2323 2388 cogebat.

405 2374 609 2437 Cessit
653 2374 853 2461 itaque
891 2374 1238 2438 necessitati
1277 2377 1513 2461 Geyza,
1559 2398 1751 2461 neque
1786 2387 1984 2439 tamen
2022 2399 2219 2439 seclus
2251 2376 2324 2439 ad

408 2484 586 2523 suum
618 2460 782 2522 illum
816 2484 1091 2548 scopum,
1138 2460 1390 2548 patriam
1427 2461 1638 2524 bellico
1678 2460 1929 2524 maxime
1971 2475 2200 2552 parta-m
2241 2463 2324 2524 la-

405 2545 586 2624 bore,
648 2546 811 2633 pacis
836 2549 962 2635 jam
1006 2546 1234 2610 artibus
1275 2546 1345 2610 de
1385 2547 1622 2633 integro
1663 2545 1951 2610 condendi
1985 2547 2323 2626 festinabat,

402 2645 468 2695 ut
505 2632 794 2718 sapientis
855 2632 994 2710 fuit,
1051 2633 1237 2710 lente,
1297 2633 1668 2719 maximoque
1713 2632 1890 2695 etiam
1927 2645 2053 2696 tum
2090 2633 2149 2697 in
2188 2656 2323 2697 con-

447 2717 729 2803 regandis
749 2718 967 2781 circum
991 2742 1058 2781 se
1077 2718 1426 2782 illustrioris
1446 2719 1633 2781 famae
1657 2718 2007 2805 alienigenis
2033 2725 2081 2800 1)
2106 2717 2321 2797 studi0,

400 2741 537 2866 gum
587 2827 728 2865 cura
771 2803 1082 2889 religionis
1134 2805 1287 2894 apud
1335 2827 1469 2867 eum
1502 2803 1660 2867 inter
1715 2803 2073 2869 christianos
2129 2805 2322 2892 genti-

543 2986 589 3059 1)
635 2989 691 3039 In
722 2990 798 3039 his
830 2991 1127 3055 praecipuus
1158 2990 1406 3040 Deodatus
1437 3007 1464 3040 e
1494 2990 1764 3041 Comitibus
1797 3006 1837 3040 S.
1862 2990 2078 3040 Severini
2108 3006 2166 3040 ex
2183 2991 2321 3057 Apu—

398 3077 485 3137 lia,
534 3076 606 3125 vir
646 3075 876 3137 eximiae,
927 3082 981 3125 ut
1020 3091 1075 3126 ea
1106 3082 1244 3125 erant
1276 3083 1519 3141 tempora,
1566 3076 1616 3125 in
1656 3092 1847 3142 quaque
1888 3076 2138 3126 doctrinae
2168 3076 2318 3126 civilis

398 3169 563 3228 parte,
609 3161 926 3220 eruditionis,
973 3162 1054 3226 qui
1086 3162 1356 3211 formandis
1397 3162 1444 3211 d.
1487 3162 1721 3227 Stephani
1759 3162 1983 3212 moribus
2023 3162 2317 3227 praefectuS‚

398 3248 532 3298 hunc
563 3247 737 3297 deinde
768 3263 879 3296 cum
915 3263 954 3296 S.
987 3246 1244 3297 Adalberto
1278 3264 1303 3297 e
1333 3248 1466 3297 fonte
1495 3247 1725 3313 baptismi
1755 3238 1950 3310 lev‘avit3
1992 3247 2173 3313 Geyzae
2202 3247 2321 3297 filii-

401 3349 494 3398 que
527 3333 634 3399 ejus
664 3333 712 3382 in
746 3320 1061 3398 propaganda
1093 3333 1187 3384 fide
1218 3348 1244 3382 e
1275 3333 1446 3398 primis
1478 3327 1697 3399 adjutor}
1739 3349 1852 3384 cum
1885 3348 2031 3398 opera
2062 3333 2178 3394 hac,
2210 3339 2315 3383 tum

400 3419 530 3481 quod
573 3419 800 3469 Carolum
840 3419 904 3469 M.
947 3418 1216 3484 delegerat,
1272 3418 1412 3484 cujus
1450 3418 1762 3484 potissimum
1807 3418 2012 3469 similem
2056 3418 2170 3468 olim
2202 3417 2317 3469 Ste-

398 3503 614 3566 phanum
648 3519 757 3553 esse
791 3511 1019 3569 cuperet,
1054 3505 1113 3555 de
1144 3504 1387 3570 Hungaris
1419 3505 1591 3555 eximie
1623 3505 1843 3555 meritus.
