2384 3886
1928 212 2054 268 329

0 348 45 432 3
147 349 420 412 standum
468 362 929 420 sacram-entum3
989 347 1101 409 hoc
1142 349 1409 415 videlicet
1448 351 1767 436 praestito:
1813 373 2050 436 posses-

0 426 28 447 *
145 433 413 497 sionibus
435 459 537 498 eos
575 432 892 521 privandos
932 432 1232 508 omnibus3
1280 459 1314 496 a
1344 436 1656 521 sanguinis
1687 449 1880 499 tamen
1907 435 2049 498 effu-

0 566 34 592 ..-
144 519 310 582 sione
360 519 736 597 relevandos,
783 530 841 582 et
879 518 1096 594 solum,
1144 520 1468 582 secundum
1498 521 1650 606 quod
1676 520 1864 607 judici
1889 516 2048 583 vide-

59 643 62 646 ·
140 604 332 682 bitur,
399 604 624 667 carceri
678 601 1123 688 mancipandos3
1181 627 1316 665 nam
1367 629 1542 668 secus
1591 607 1911 692 duelliffper
1944 630 2062 669 eos,

141 713 397 753 examen.
416 688 821 764 subeundum,
879 687 1156 773 utrinque
1189 688 1451 774 pugilem
1489 714 1605 754 non
1653 715 2046 778 progressum

138 774 551 856 (tirunculum)
595 773 1023 852 adducendum,
1079 785 1138 837 et
1175 773 1227 834 si
1250 772 1346 835 hic
1377 777 1816 854 succumberet,
1876 777 2043 863 ipsos

135 860 293 922 ultra
314 862 612 947 jacturam
649 859 902 922 omnium
939 859 1312 935 facultatum,
1359 857 1432 920 ad
1461 862 1774 946 sanguinis
1808 863 2044 925 effusio-

0 941 35 1028 {1}
134 967 266 1007 nem
321 945 698 1008 damnandos
744 944 853 1007 Rei
884 944 1184 1031 posterius
1221 944 1479 1031 eligunt3
1527 946 1631 1008 sed
1665 970 1781 1009 non
1815 971 2043 1034 compa-

0 1030 47 1108 ξ
132 1043 292 1104 rent3
321 1031 476 1093 bona
502 1030 700 1116 itaque
729 1030 990 1105 illorum,
1023 1030 1295 1115 cognatis
1324 1031 1826 1095 et'commetaneis
1850 1056 2043 1094 emere

135 1139 202 1179 se
247 1140 362 1179 non
405 1116 603 1178 valere
638 1115 1106 1192 declarantibuS,
1151 1115 1209 1176 in
1243 1129 1593 1202 perpetuum
1623 1117 1859 1181 vendita
1885 1130 2040 1180 sunt.

138 1202 311 1278 Quod
338 1202 497 1264 illius
519 1201 805 1288 judicium
833 1204 964 1264 Rex
993 1200 1355 1287 adprobavit.
1379 1209 1428 1280 2)
1839 1210 1843 1214 ⁴

218 1389 265 1449 2)
312 1387 434 1437 Cod.
476 1387 602 1451 Dipl.
643 1387 720 1437 IV.
760 1403 810 1452 p.
848 1383 986 1437 309.
1044 1387 1122 1436 Sic
1162 1388 1222 1436 de
1260 1388 1366 1437 villa
1406 1404 1495 1452 per
1535 1395 1700 1438 notam
1741 1388 2037 1439 infidelitatis

38 1494 49 1499 -
127 1473 307 1522 amissa
336 1473 480 1522 latam
511 1473 655 1522 Belae
681 1473 788 1538 jun.
815 1473 960 1537 Regis
993 1473 1282 1522 sententiam
1313 1473 1558 1522 Palatinus
1591 1489 1754 1523 coram
1786 1474 1917 1538 Rege
1949 1475 2039 1523 de—

0 1579 4 1587 ·
124 1557 347 1619 claravit,
385 1573 474 1623 per
512 1558 644 1608 hunc
683 1558 988 1623 Magnetibus
1031 1558 1131 1607 suis
1164 1559 1505 1623 praesentibus
1537 1559 1741 1608 revisam
1775 1566 1822 1608 et
1852 1560 2036 1624 proba—

2 1636 25 1678 ³,
124 1652 223 1693 tam
269 1660 314 1693 a.
354 1640 533 1694 1230.
583 1644 659 1693 IV.
710 1660 760 1709 p.
796 1642 936 1693 207.
993 1644 1158 1692 Simile
1200 1644 1440 1709 judicium
1489 1644 1615 1694 aliud
1665 1651 1833 1694 contra
1882 1644 2035 1694 Joba—

123 1729 295 1793 giones
343 1728 490 1779 castri
531 1729 796 1794 Zolgagyor
840 1744 929 1793 per
976 1729 1157 1793 Regem
1207 1746 1318 1779 cum
1368 1729 1643 1779 Beronibus
1687 1730 1924 1794 perlatum
1974 1730 2032 1780 de

39 1846 58 1852 ⁴-
123 1830 167 1863 a.
207 1811 366 1865 1268
398 1814 504 1864 vide
535 1814 611 1863 IV.
654 1830 697 1863 ν.
736 1810 789 1863 3.
830 1830 880 1878 p.
917 1808 1056 1863 464.

962 2025 1005 2100 §
1052 2027 1189 2083 130.

118 2174 282 2226 Furti
315 2183 373 2226 et
402 2176 710 2226 latrocinii
743 2175 1151 2226 convictorum
1180 2175 1358 2235 bona,
1393 2177 1438 2224 si
1472 2177 1710 2240 cognati
1742 2177 2032 2226 redimere

305 2262 563 2322 nollent,
597 2269 838 2312 autnon
870 2268 1148 2326 possent,
1188 2261 1461 2310 Palatino
1494 2268 1834 2310 cesserunt.

284 2412 379 2472 Ex
407 2408 562 2473 bona
599 2410 752 2472 enim
784 2421 843 2471 et
877 2408 1161 2495 aprobata
1195 2407 1620 2471 consuetudine
1651 2408 1837 2472 totius
1865 2412 2030 2470 Hun-

0 2554 3 2574 Ξ
108 2493 321 2581 ξεινίειθ
360 2493 532 2574 (haec
564 2494 811 2557 Andrea
839 2498 908 2555 ll.
940 2507 1097 2558 teste
1127 2501 1172 2572 ¹)
1206 2493 1323 2556 vim
1355 2494 1511 2580 legis
1540 2494 1792 2573 obtinet)
1835 2494 2029 2556 furum

0 2579 2 2582 ’
90 2593 175 2643 >et
210 2580 505 2643 latronum
531 2604 637 2668 per
672 2580 980 2643 Palatinos
1015 2580 1530 2643 condemnatorum
1559 2603 1659 2642 res
1695 2593 1754 2643 et
1788 2602 2028 2665 posses-

0 2731 1 2739 }
115 2665 345 2743 sioneS‚
376 2665 447 2728 ad
473 2666 582 2729 hos
611 2666 1102 2742 devolvebantur,
1150 2679 1209 2728 et
1236 2678 1424 2742 terra,
1474 2689 1622 2751 quae
1656 2665 1743 2727 sic
1771 2665 1857 2728 eis
1882 2665 2028 2750 legi-

112 2751 255 2814 time
285 2751 498 2828 cessit,
545 2776 660 2815 non
691 2750 1118 2815 redimentibus
1149 2751 1424 2836 cognatis
1454 2751 1540 2813 rei
1574 2750 1874 2827 conventi,
1920 2773 2029 2812 nec

0 2857 5 2877 ²
52 2906 58 2910 ,
113 2836 684 2915 contradicentibuS,
740 2839 799 2900 in
834 2849 1183 2924 perpetuum
1229 2836 1402 2899 vendi
1435 2860 1541 2923 per
1575 2835 1886 2900 Palatinos
1927 2859 2026 2922 po-

111 2924 242 2986 tuit.
259 2930 310 3002 2)
355 2927 447 2986 lta
466 2927 603 3010 jure
633 2924 873 3010 antiquo
902 2922 1260 3008 hungari003
1294 2925 1463 3009 cujus
1497 2934 1699 2985 tantae
1729 2921 1865 2984 huic
1890 2944 2024 3006 pro-

247 3107 292 3173 1)
337 3108 542 3174 Antiqua
579 3109 706 3159 bona
747 3117 796 3160 et
832 3109 1062 3176 aprobata
1101 3110 1407 3160 consuetudo
1440 3108 1589 3160 totius
1625 3106 1898 3171 Hungariae
1928 3106 2023 3154 vim

0 3166 38 3235 ὦ.
109 3193 231 3258 legis
270 3193 482 3254 obtinet,
522 3194 587 3244 ait
622 3196 745 3247 And.
777 3196 838 3246 II.
871 3196 920 3245 in
959 3196 1030 3245 lit.
1073 3195 1132 3244 de
1163 3211 1207 3244 a.
1248 3193 1405 3245 1229
1439 3195 1515 3244 IV.
1547 3209 1597 3258 p.
1632 3186 1782 3250 469,
1833 3198 1880 3241 et
1909 3197 2024 3256 post

92 3275 220 3328 ‘eum
251 3278 392 3327 Verh.
427 3294 508 3343 op.
544 3280 656 3344 trip.
691 3281 815 3345 prol.
849 3282 924 3331 tit.
964 3278 1058 3330 10.

239 3361 290 3429 2)
336 3363 450 3412 Vide
496 3364 682 3414 axioma
730 3366 824 3416 hoc
866 3365 991 3436 juris
1039 3364 1226 3429 antiqui
1276 3363 1527 3428 hungarici
1575 3363 1819 3426 integrum
1857 3361 1907 3410 in
1945 3360 2016 3410 lit.

39 3432 55 3451 i
107 3448 255 3498 Palat.
295 3449 430 3513 Moys
470 3449 529 3498 de
568 3465 612 3499 a.
652 3448 808 3502 1273
855 3451 985 3517 apud
1025 3450 1146 3513 Pray
1185 3448 1234 3498 in
1275 3448 1416 3498 notit.
1458 3446 1609 3512 prael.
1652 3446 1711 3496 ad
1751 3447 1876 3498 Hist.
1921 3445 2010 3495 Rev

108 3549 222 3597 gum
255 3533 415 3599 Hung.
448 3549 559 3611 pag.
592 3535 778 3586 LXXX.
813 3537 929 3586 item
964 3534 1085 3585 Cod.
1119 3533 1228 3598 Dip.
1263 3533 1315 3581 V.
1351 3532 1444 3581 vol.
1481 3531 1536 3581 2.
1573 3547 1684 3596 pag.
1726 3529 1861 3584 136.
