2384 3886
439 172 560 227 132

1296 398 1338 474 §
1383 401 1480 457 22.

1050 564 1298 615 Comitis
1336 565 1474 615 item
1520 565 1733 624 castri,

611 728 906 792 Gentibus
955 715 1348 792 Constantino
1388 728 1991 816 porphyrogenetae‚
2054 727 2355 816 vulgoque

440 827 507 878 ut
536 812 900 895 commodum
941 813 1223 891 diximus,
1274 836 1381 900 pro
1431 813 1775 876 fluminibus
1828 813 2129 876 distinctis
2186 837 2355 902 prae—

440 913 535 964 ter
554 904 846 986 Magnum
870 898 1228 986 Principem,
1266 898 1415 962 alios
1441 899 1580 962 item
1599 898 1932 985 praefuisse
1951 898 2357 986 Magistratus

442 989 769 1072 Augustus
811 984 1084 1071 Scriptor
1125 984 1276 1047 idem
1311 995 1598 1060 testatur,
1643 996 1710 1046 ut
1741 1007 1894 1048 novo
1926 984 2213 1071 approbet
2264 1008 2357 1047 ar-

491 1083 727 1134 umento
778 1069 951 1132 fidem
996 1069 1239 1133 Notarii
1294 1069 1474 1130 Belae
1525 1069 1748 1154 Regis,
1808 1069 1902 1132 cui
1954 1069 2358 1156 Magistratus

486 1157 505 1218 i
544 1156 894 1218 Primates
939 1160 984 1234 ¹)
1044 1157 1523 1241 Rectoresque
1573 1167 1818 1229 sonant3
1878 1155 2035 1241 quod
2077 1179 2197 1219 non
2240 1155 2360 1243 pri-

443 1254 581 1304 vata
617 1239 935 1316 dominica,
983 1237 1090 1301 sed
1132 1237 1368 1326 publica
1397 1238 1798 1303 Moderatoris
1833 1241 2189 1304 auctoritate
2225 1264 2358 1328 pro-

440 1325 670 1389 vinciae
711 1337 1043 1388 castrorum
1090 1325 1485 1412 praefuerant.
1540 1327 1633 1388 Ex
1673 1325 1925 1390 classico
1958 1326 2177 1413 igitur,
2224 1350 2360 1390 con-

442 1411 856 1497 sentienteque
909 1407 1154 1472 duorum
1194 1411 1430 1474 maximi
1471 1411 1724 1474 nominis
1768 1411 2144 1499 Scriptorum
2191 1412 2360 1476 testi-

441 1497 665 1573 monio,
707 1495 1054 1559 Institutum
1094 1496 1519 1574 Comitatuum,
1564 1495 1718 1582 quod
1750 1520 1866 1559 non
1902 1496 2119 1560 rationi
2149 1498 2361 1574 solum,

442 1582 550 1646 sed
593 1581 823 1645 divinae
861 1580 1077 1644 rationi
1109 1582 1421 1645 Kollarius
1439 1585 1576 1668 jure
1606 1582 1840 1660 tribuit,
1885 1583 2196 1670 Arpadum
2227 1606 2362 1646 auc-

442 1680 634 1732 torem
676 1667 876 1730 habet.
925 1673 976 1747 2)

579 1852 623 1916 1)
668 1853 1028 1904 Ordinaverunt
1057 1868 1230 1903 omnes
1262 1853 1711 1904 consvetudinarias
1736 1853 1870 1920 leges
1901 1854 2068 1920 regni,
2101 1854 2364 1921 qualiter

447 1940 684 1990 servirent
713 1939 837 1989 Duci
867 1945 916 1990 et
944 1938 1238 1989 Primatihus
1270 1940 1390 1990 suis,

578 2027 626 2087 2)
673 2024 767 2082 Qui
804 2030 1021 2074 castrum
1061 2024 1224 2074 Geuru
1261 2025 1389 2090 apud
1428 2025 1539 2075 Not.
1574 2024 1632 2074 Β.
1665 2025 1724 2075 R.
1767 2041 1811 2076 c.
1848 2021 1947 2076 31.
1978 2025 2237 2091 Bungero,
2270 2022 2364 2075 'Ni-

445 2111 627 2161 triense
666 2125 711 2159 c.
747 2105 845 2160 37.
891 2109 1109 2172 Hubaio;
1155 2109 1347 2161 Borsod
1395 2126 1439 2160 c.
1479 2107 1575 2166 18.
1620 2110 1822 2174 Bomio,
1864 2112 2124 2178 Veszprem
2162 2110 2363 2162 Usuhu-

448 2196 588 2261 qui0‚
628 2194 814 2246 Zarand
843 2194 1041 2245 Velukio
1081 2210 1126 2245 c.
1164 2192 1259 2245 52.
1302 2196 1508 2246 contulit
1539 2203 1634 2247 cet.
2274 2200 2278 2204 '

1313 2407 1356 2483 ς
1400 2410 1506 2466 23.

872 2559 1162 2610 Comitum
1207 2558 1433 2610 finibus
1477 2561 1937 2626 praefectorum.

620 2710 838 2795 Neque
882 2731 1024 2772 vero
1067 2708 1159 2773 sui
1203 2721 1433 2772 tantum
1471 2709 1690 2771 castris
1743 2708 2003 2795 singulis
2047 2707 2368 2786 Praefecti,

454 2792 560 2856 sed
606 2794 882 2880 quoniam
919 2794 980 2856 in
1022 2795 1307 2858 Instituto
1348 2793 1462 2858 hoc
1501 2794 1561 2859 id
1603 2794 1778 2858 simul
1815 2806 2162 2880 spectarunt
2201 2798 2368 2858 Hun-

453 2878 608 2963 gari,
631 2892 697 2942 ut
715 2879 930 2942 castris
949 2878 1044 2940 his
1063 2892 1123 2942 et
1147 2879 1410 2943 devictas
1431 2893 1646 2965 gentes
1668 2879 2059 2957 continerent,
2082 2893 2142 2944 et
2164 2878 2368 2943 adver-

456 2986 564 3026 sus
587 2962 797 3028 hostes
818 2964 877 3026 in
902 2962 1208 3049 quamdam
1231 2965 1812 3051 propugnaculorum
1843 2965 2101 3053 speciem
2133 2978 2369 3030 uteren—

455 3061 587 3127 tur,
620 3062 820 3113 castra
839 3050 1010 3136 plura
1039 3049 1112 3112 ad
1145 3049 1363 3113 limites
1387 3062 1643 3127 structa,
1678 3050 2178 3139 indaginibusque
2202 3074 2371 3140 prae-

455 3133 717 3214 munita,
783 3135 918 3198 unis
971 3135 1300 3198 commissa
1328 3135 1474 3198 viris
1532 3149 1673 3199 sunt
1716 3137 2065 3201 claritudine
2106 3133 2371 3224 generis,

456 3219 713 3308 bellique
752 3234 812 3285 et
839 3221 1003 3309 pacis
1038 3219 1268 3283 artibus
1298 3221 1553 3307 inclytis.
1595 3228 1642 3302 1)
1697 3223 1927 3288 Habuit
1966 3223 2157 3311 igitur
2203 3226 2370 3286 Hun-

595 3408 642 3477 1)
687 3410 798 3459 Not.
831 3409 888 3459 B.
922 3409 981 3459 R.
1015 3425 1060 3460 c.
1088 3405 1181 3459 18.
1218 3410 1437 3470 „missus
1469 3416 1544 3460 est
1573 3410 1729 3461 Borsu
1762 3426 1875 3462 cum
1907 3408 2061 3460 valida
2085 3423 2233 3459 manu
2257 3423 2374 3459 ver-

463 3507 547 3542 sus
576 3500 755 3544 terram
786 3494 1107 3558 Polonorum‚
1143 3495 1225 3561 qui
1256 3495 1465 3546 confinia
1495 3496 1631 3562 regni
1662 3497 1996 3563 conspiceret,
2028 3501 2078 3546 et
2106 3493 2370 3546 obstaculis
