2384 3886
393 206 517 264 198

391 343 617 428 adjecto
661 342 1035 405 sacerdotum
1070 343 1321 429 collegio
1358 343 1598 408 honoris
1645 343 1837 429 gradu
1868 348 2170 432 proximus
2207 373 2299 414 se-

391 426 683 513 quebatur
703 475 717 504 ,
765 425 1016 490 Custodi
1047 434 1097 509 2)
1146 429 1478 493 mandatam
1524 452 1660 494 esse
1703 429 1903 494 voluit.
1954 431 2106 496 Fuit
2131 435 2300 498 Ecle-

391 514 480 574 sia
531 509 676 574 haec
725 511 784 573 in
837 512 1019 575 rebus
1074 513 1273 577 sacris>
1322 516 1478 578 omni
1537 514 1966 604 Episcoporum
2018 520 2301 605 potestati

390 609 652 668 exemta;
712 597 938 662 incolae
997 623 1138 662 vero
1196 601 1482 679 locorum,
1541 601 1755 688 quibus
1797 603 2091 666 Eclesiam
2129 605 2300 670 colle—

388 682 667 769 giumque
701 682 759 746 id
791 682 1159 747 sacerdotum
1191 685 1603 750 liberalissime
1639 686 1990 774 impertivit,
2020 690 2176 753 omni
2202 690 2302 754 be-

387 767 731 832 neficiorum
761 793 985 855 genere
1015 793 1148 833 eum
1175 771 1249 834 ad
1278 769 1509 834 modum
1539 773 1776 850 exculti,
1804 797 1915 836 sua
1944 787 2011 838 ut
2035 773 2147 838 hac
2175 800 2302 839 mu-
2370 817 2375 826 τ

387 852 686 932 nificentia
740 878 857 918 non
921 855 1219 933 imitatus,
1295 855 1400 919 sed
1466 880 1902 945 supergressus
1965 861 2167 925 Caroli
2217 865 2301 926 M.

388 940 718 1028 exemplum
747 939 1062 1004 videretur.
1088 947 1139 1021 3)

523 1095 573 1166 2]
618 1097 790 1148 Innoc.
822 1097 907 1146 111.
949 1097 1041 1147 ΡΡ.
1086 1098 1249 1159 „Cum
1281 1099 1331 1148 in
1361 1098 1551 1149 Eclesia
1580 1099 1777 1150 Albensi
1807 1102 2042 1166 quaedam
2074 1101 2301 1167 dignitaS‚

389 1198 512 1248 quae
551 1182 772 1233 custodia
811 1181 1012 1243 dicitur,
1064 1183 1124 1233 ad
1164 1190 1297 1233 tuam
1336 1184 1655 1256 (Praepositi)
1700 1186 2011 1238 donationem
2050 1187 2302 1253 pertinens

387 1268 646 1329 habeatur,
695 1266 836 1333 cujus
876 1282 1020 1317 curae
1061 1275 1110 1319 et
1139 1269 1450 1320 sollicitudini
1483 1279 1765 1322 ornamenta
1797 1279 1845 1323 et
1873 1272 2117 1339 privilegia
2146 1274 2302 1340 ipsius

386 1353 606 1403 Eclesiae
637 1360 686 1403 et
716 1352 936 1405 diadema
966 1353 1110 1404 etiam
1141 1354 1346 1420 Regium
1378 1356 1756 1407 comittuntur.“

519 1437 570 1506 3)
614 1439 899 1489 Memoriam
928 1439 1104 1490 veteris
1134 1439 1355 1490 Eclesiae
1386 1448 1435 1492 et
1463 1442 1702 1508 collegiati
1732 1443 1930 1510 capituli
1960 1443 2018 1494 B.
2051 1444 2116 1495 M.
2148 1445 2203 1494 V.
2242 1444 2302 1495 de

384 1523 502 1574 Alba
531 1524 696 1590 Regali
726 1524 983 1590 diligenter
1012 1532 1284 1593 exequutus
1313 1533 1390 1578 est
1430 1527 1748 1594 Szvorenyius
1785 1529 1836 1580 in
1872 1529 2114 1581 Amoenit.
2166 1530 2292 1582 Hist.

387 1609 494 1661 Ecl.
529 1610 665 1676 regni
695 1610 932 1675 Ungariae
963 1606 1104 1662 Fasc.
1135 1612 1190 1661 V.

1249 1765 1293 1842 ς
1338 1768 1435 1824 14.

1025 1903 1423 1970 Scholamque
1466 1904 1674 1970 palatii

554 2038 833 2100 Alterum
880 2037 1046 2100 urbis
1093 2037 1252 2100 illius
1300 2038 1508 2115 decus,
1567 2036 1773 2102 schola
1808 2038 2027 2103 Palatii
2069 2039 2211 2118 fuit,
2253 2047 2302 2121 1)

388 2136 630 2186 auctore
685 2126 887 2209 Rege,
947 2123 1047 2210 qui
1098 2136 1337 2210 praeter
1381 2124 1788 2201 vernaculam,
1832 2127 1956 2211 jam
2002 2149 2038 2189 a
2077 2126 2301 2189 teneris

386 2209 626 2272 latinam
651 2232 881 2296 quoque
918 2209 1182 2294 linguam
1229 2210 1400 2297 plene
1431 2208 1706 2287 edoctuS,
1751 2209 1837 2273 uti
1876 2208 2118 2288 harum,
2163 2234 2303 2298 gest

385 2294 712 2381 manicique
767 2295 1062 2359 idiomatis
1097 2294 1341 2383 peritia,
1414 2295 1502 2357 sic
1558 2295 1862 2359 literarum
1905 2319 2136 2384 quoque
2172 2309 2298 2360 stu-

387 2379 480 2444 dio
519 2381 754 2444 coaevis
797 2405 904 2469 per
933 2385 1232 2468 Europam
1281 2380 1660 2468 Principibus
1697 2381 1996 2469 plerisque
2041 2380 2301 2470 praecel-

385 2466 495 2530 luit
514 2515 529 2543 ,
575 2467 1008 2552 grammaticiS,
1053 2480 1121 2531 ut
1160 2490 1231 2530 ea
1267 2480 1435 2530 erant
1470 2480 1769 2554 tempora,
1824 2467 2039 2531 studiis
2075 2482 2300 2556 aperta,

384 2575 636 2638 moxque
680 2554 1048 2616 alumnorum
1089 2566 1148 2617 et
1188 2577 1257 2617 ea
1292 2552 1621 2617 docentium
1659 2553 1992 2640 frequentia
2027 2554 2299 2632 celebris,

384 2651 450 2702 ut
492 2663 610 2702 non
661 2638 975 2718 deessent,
1034 2639 1133 2727 qui
1172 2638 1306 2703 inde
1347 2639 1421 2703 ad
1452 2639 1599 2702 alias
1629 2663 1737 2727 per
1770 2663 2025 2727 regnum
2046 2639 2300 2705 'scholas

385 2723 822 2794 adhiberentur.

524 2878 571 2950 1)
614 2880 841 2947 Legenda
870 2882 1027 2949 major
1057 2882 1109 2932 S.
1145 2881 1346 2932 Gerar-di
1377 2882 1433 2934 C.
1466 2882 1572 2948 Ign.
1611 2881 1846 2947 Bathiany
1874 2896 1925 2947 p.
1962 2877 2103 2933 330.

1247 3046 1290 3123 s
1335 3047 1433 3104 15.

1111 3198 1317 3249 itidem
1359 3198 1564 3262 Albae;

553 3346 841 3424 Quamdiu
889 3371 924 3410 a
962 3345 1102 3411 satis
1148 3349 1279 3434 ejus
1320 3347 1524 3411 schola
1564 3347 1712 3411 haec
1760 3347 1980 3413 Palatii
2027 3347 2296 3413 floruerit

385 3454 590 3517 parum
632 3446 894 3508 constat3
941 3432 1046 3497 sed
1072 3455 1214 3521 pars
1252 3433 1481 3498 consilii
1506 3431 1683 3522 hujus
1726 3436 1913 3499 altera
1949 3457 2066 3498 non
2100 3434 2293 3497 minus
2366 3472 2379 3482 -

387 3518 937 3597 commemorabilis,
986 3531 1053 3583 ut
1094 3519 1247 3606 quod
1291 3518 1444 3608 apud
1483 3521 1724 3607 Anglos
1769 3532 2010 3589 auctore
2043 3518 2291 3584 Alfredo
