2384 3886
1895 192 2018 249 365

945 335 986 409 5
1034 338 1170 394 172.

113 442 189 490 De
215 441 442 506 judicio
483 457 585 491 seu
622 441 887 506 bii-sagio
929 443 1227 491 exercitus
1259 449 1314 492 et
1344 443 1601 507 pecunia
1640 444 2014 493 exercituali.

281 560 490 624 Verba
515 560 673 645 legis
690 559 972 622 Andreae
995 562 1073 620 ΙΙ.
1107 560 1202 636 „si
1228 563 1356 624 Rex
1385 575 1552 625 extra
1579 585 1829 646 regnum
1851 585 2017 626 exer-

13 718 17 723 ,
113 647 291 709 citum
325 645 538 707 ducere
564 645 842 720 voluerit,
891 643 1238 707 Servientes
1268 647 1455 725 (nullo
1490 647 1677 732 Regis
1707 647 2018 734 Regnique

0 758 8 810 ξ
111 729 509 793 Servientium
543 728 909 808 discrimine)
947 752 1076 792 cum
1106 729 1237 816 ipso
1269 734 1356 792 ire
1383 754 1497 793 non
1531 744 1871 810 teneantur,
1902 733 2018 795 nisi

106 839 216 903 pro
268 815 586 901 pecunia“;
633 814 782 877 satis
817 838 924 901 per
962 838 1029 877 se
1064 815 1360 878 luculenta
1390 828 1546 877 sunt.
1593 815 1714 879 Sed
1744 818 1898 903 quod
1924 817 2016 881 his

0 897 7 904 ’
109 899 422 987 subjicitur
469 912 569 978 „et
622 913 758 986 post
809 899 1212 963 reversionem
1256 901 1593 987 judicium
1650 903 2013 966 exercitus

109 1008 289 1084 super
329 1009 431 1048 eos
472 1009 589 1049 non
623 985 909 1073 recipiat“
950 985 1302 1054 industriam
1340 989 1877 1050 Commentatorum
1916 988 2015 1052 diu

105 1072 334 1156 fatigat.
375 1071 618 1134 Cessari
648 1074 773 1157 jam
807 1095 841 1134 a
873 1071 1076 1135 labore
1112 1070 1225 1135 hoc
1247 1071 1414 1146 licet3
1462 1073 1731 1136 consulto
1762 1096 2015 1160 namque

7 1175 11 1182 ·
105 1156 410 1244 capitulari
431 1155 628 1220 Caroli
670 1161 752 1220 M.
798 1157 982 1220 verba
1024 1154 1170 1220 haec
1216 1181 1325 1219 sua
1362 1171 1574 1244 sponte
1618 1157 1675 1219 in
1717 1181 1845 1221 eam
1881 1182 2014 1221 sen-

103 1242 346 1306 tentiam
390 1243 613 1306 fluunt:
672 1243 1019 1306 Servientes
1076 1245 1330 1329 Regem,
1390 1243 1442 1305 si
1486 1242 1806 1307 exercitum
1842 1256 2011 1307 extra

103 1351 354 1414 regnum
387 1328 601 1391 ducere
627 1329 786 1406 velit,
811 1328 1004 1414 sequi,
1037 1327 1149 1390 nisi
1181 1352 1286 1415 pro
1326 1329 1616 1415 stipendio
1649 1352 1766 1392 non
1800 1330 2011 1408 teneri,

103 1437 233 1477 nec
257 1413 516 1477 idcirco
547 1414 808 1478 mulcta
832 1413 1228 1499 (birsagio)
1249 1438 1354 1500 per
1373 1418 1600 1500 Regem
1623 1413 1792 1476 adfici
1813 1438 2010 1501 posse.

102 1498 274 1577 Quod
315 1523 390 1563 ne
427 1499 790 1586 speciosiuS,
859 1523 1032 1586 quam
1069 1499 1268 1562 verius
1310 1500 1525 1563 dictum
1564 1513 1766 1587 putes,
1829 1501 2011 1563 verba

100 1584 413 1648 recordare
449 1598 556 1647 art.
597 1594 695 1647 22.
749 1593 932 1650 1298.
985 1588 1175 1662 „Item
1212 1585 1556 1663 statuimus,
1610 1584 1764 1672 quod
1796 1585 1849 1659 si
1896 1586 2009 1650 duo

65 1670 320 1734 -fuerint
365 1670 584 1733 fratres
636 1683 738 1734 aut
782 1671 1013 1759 plureS,
1059 1694 1215 1733 unus
1259 1671 1492 1734 illorum
1547 1670 1619 1734 ad
1686 1671 2010 1734 exercitum

99 1755 342 1820 Domini
386 1756 575 1842 Regis
614 1756 817 1819 venire
855 1767 1144 1820 teneatur.
1205 1756 1318 1833 Qui
1353 1758 1404 1820 si
1437 1760 1639 1820 venire
1683 1756 2008 1836 obmiserit‚

101 1866 218 1905 non
250 1841 322 1904 ad
344 1842 514 1929 plura
542 1842 812 1928 judicia
846 1866 952 1905 seu
985 1842 1387 1930 gravamina
1426 1842 1788 1906 exercitus
1821 1842 2010 1924 (Had-

98 1927 338 2012 birsag)
383 1940 621 2014 praeter
656 1927 729 1990 ad
762 1951 942 1990 unum
989 1928 1162 1990 simul
1208 1950 1410 1991 omnes
1451 1938 1823 1991 teneantur.“
1884 1931 2007 1990 Ha-

98 2013 325 2099 besque
362 2026 420 2076 et
461 2013 653 2075 locum
687 2013 850 2075 illum
895 2013 1050 2099 legis
1096 2012 1375 2076 Andreae
1418 2017 1495 2074 ΙΙ.
1529 2037 1635 2100 per
1676 2013 1848 2075 aliam
1881 2016 2008 2075 An-

100 2097 277 2162 dreae
310 2102 418 2160 111.
453 2098 651 2183 legem
688 2099 1068 2186 explicatum,
1116 2110 1175 2161 et
1207 2098 1371 2184 ipsas
1406 2098 1717 2184 utriusque
1742 2098 2007 2184 origines

100 2183 479 2247 clarissimas.
507 2190 552 2264 1)
597 2184 928 2259 Pecuniae,
975 2207 1123 2270 quae
1156 2185 1214 2245 in
1252 2183 1517 2269 legibus,
1565 2183 2004 2270 diplomatibus-

101 2293 213 2356 que
261 2269 486 2334 nostris
529 2270 1031 2347 exercituales,
1079 2276 1129 2349 2)
1173 2269 1421 2331 Francis
1472 2271 1836 2355 conjectus
1903 2292 2004 2331 vo-

100 2355 403 2418 cabantur.
431 2362 482 2435 3)

234 2483 279 2550 1)
328 2484 507 2533 Confer
537 2483 679 2532 etiam
712 2483 831 2547 priv.
866 2481 989 2531 Nob.
1024 2481 1181 2546 campi
1213 2481 1485 2546 Turopolya
1517 2481 1576 2530 de
1606 2497 1650 2530 a.
1687 2478 1865 2540 1279,
1901 2496 1999 2545 quo

98 2569 286 2619 ratione
311 2568 676 2634 judiciorum
710 2568 1011 2617 exercitus
1042 2566 1256 2631 agravari
1286 2573 1525 2616 vetantur.

231 2656 279 2715 2)
324 2655 502 2703 Recole
532 2654 660 2703 Petri
693 2655 751 2702 de
783 2654 933 2702 Varcia
964 2653 1190 2717 Archiep.
1225 2652 1330 2701 Col.
1363 2653 1434 2702 lit.
1469 2652 1550 2701 cit.
1585 2651 1841 2716 superiuS,
1885 2650 2001 2700 item

98 2740 168 2789 lit.
211 2755 254 2788 a.
302 2737 459 2789 1250
501 2740 600 2802 (IV.
645 2737 700 2788 2.
740 2754 789 2803 p.
844 2737 966 2800 71.)
1022 2739 1172 2802 „Ipsa
1217 2738 1413 2787 domina
1451 2738 1501 2787 in
1538 2738 1643 2802 ipsa
1687 2736 2001 2805 possessione

99 2825 259 2875 mariti
290 2825 391 2886 sui,
432 2824 747 2890 percipiendo
779 2824 933 2889 ipsius
964 2823 1295 2889 possessionis
1325 2824 1538 2884 fructuS,
1570 2830 1619 2872 et
1648 2822 1880 2872 utilitates
1912 2822 2002 2871 de·-

97 2910 182 2960 bet
218 2917 267 2960 et
303 2916 468 2976 potest
504 2911 744 2972 residere3
792 2916 986 2974 praeter
1023 2909 1349 2969 exactionem,
1398 2923 1520 2974 quae
1550 2909 1729 2958 fieret
1767 2907 2001 2956 ratione

101 2996 432 3056 exercitUS,
496 2996 577 3061 qui
619 2996 746 3046 cedit
778 2995 828 3044 in
869 3011 1039 3045 usum
1081 2995 1627 3045 exercituantium“
1671 2994 1814 3042 citata
1851 3008 1999 3056 porro

100 3082 159 3130 ad
195 3087 224 3141 §
259 3079 395 3131 101.
436 3096 573 3131 num.
613 3079 665 3131 1.
704 3081 953 3131 literarum
990 3081 1051 3130 de
1088 3097 1132 3130 a.
1173 3078 1329 3129 1292
1367 3080 1511 3129 verba
1554 3079 1675 3143 „qui
1713 3086 1796 3127 aut
1837 3077 1919 3126 filii
1959 3077 1999 3125 si

99 3172 384 3230 paupertate
421 3166 691 3231 praepediti
734 3167 1103 3215 exercituare
1141 3181 1241 3216 non
1278 3172 1514 3230 possent,
1571 3163 1790 3213 Dominis
1828 3177 1997 3211 eorum

99 3250 293 3300 unciam
332 3251 445 3300 dare
487 3267 577 3316 pro
624 3266 835 3317 expensa
888 3254 1210 3300 teneantur.“
1272 3250 1378 3300 Huc
1423 3250 1534 3299 facit
1582 3249 1724 3299 etiam
1765 3254 1853 3298 art.
1897 3245 1994 3297 27.

100 3352 143 3385 a.
183 3333 361 3385 1526.

235 3421 284 3489 3)
332 3421 449 3486 Cap.
496 3419 550 3470 2.
594 3420 750 3486 Capit.
795 3436 839 3469 a.
883 3417 1001 3470 807
1054 3419 1351 3485 „conjectati
1393 3419 1532 3469 solidi
1578 3419 1817 3485 quinque,
1877 3433 2000 3483 quos

101 3508 415 3571 pauperiores
448 3506 695 3556 communi
729 3512 891 3555 sumtu
922 3505 1122 3555 militem
1153 3520 1305 3555 unum
1339 3511 1606 3554 statuentes
1645 3504 1997 3570 dependerunt.
