2384 3886
1951 197 2029 252 31

105 355 239 396 men
282 329 495 394 horum
542 329 819 415 singulos
863 324 1107 412 singula
1150 325 1460 414 accepisse
1501 326 1846 415 diplomata,
1923 354 2035 395 nec

104 429 313 480 auctor
351 414 609 502 prodidit
638 414 968 499 quisquam,
1010 434 1123 473 nec
1150 412 1730 499 literarumprobari
1768 415 2033 479 testimo-

2 512 35 573 31
103 501 201 564 nio
248 513 479 586 potest3
531 509 840 583 regestum
887 518 1032 557 vero
1062 495 1441 559 Varadiense
1490 498 1607 560 alia
1627 498 1820 561 omnia
1837 499 2034 585 perhi-

0 576 22 627 ss3²
102 585 222 648 bet.
252 590 348 647 Ex
375 583 490 647 hoc
516 603 769 665 namque
799 591 995 665 patet:
1041 582 1246 663 Reges
1278 603 1513 665 quoque
1544 595 1822 668 posteros
1849 585 2036 646 multa

103 669 338 755 quidem
399 667 802 752 Diplomatum
824 711 840 740 ,
903 662 1158 750 plurima
1213 666 1589 727 Praeconum
1612 714 1626 741 ,
1699 667 2035 731 Pristaldo-

102 776 351 838 rumque
382 773 490 836 ope
526 748 919 834 expedivisse.
972 750 1203 809 Horum
1234 747 1462 833 primus
1507 751 1657 810 Bela
1690 754 1822 813 Rex
1855 751 2033 838 hujus

101 836 354 900 nominis
404 832 621 896 tertius
674 830 1182 895 cancellariorum
1223 831 1295 894 ad
1344 833 1568 895 Aulam
1611 834 1866 918 Regiam
1907 859 2034 899 mu-

100 943 213 984 nus
235 931 606 1005 perpetuum,
646 916 1106 1000 memoriamque
1132 938 1355 994 rerum,
1397 940 1465 990 se
1494 940 1695 980 coram
1721 931 2034 1002 gestarum

99 1027 238 1071 esse
266 1026 374 1089 per
407 1002 747 1088 Diplomata
785 999 1355 1063 adminiculatiorem
1392 1001 1596 1064 voluit.
1652 1004 1718 1063 N
1724 1025 1800 1064 on
1834 1014 2034 1066 tamen

99 1087 378 1174 deinceps
405 1086 583 1149 etiam
608 1086 704 1147 vel
736 1085 845 1147 hae
867 1085 1095 1146 relatae
1115 1107 1354 1171 semper
1379 1084 1440 1146 in
1466 1086 1756 1171 scriptum
1779 1101 1922 1150 sunt
1954 1095 2029 1168 1);

95 1173 299 1259 plures
329 1193 583 1256 namque
617 1173 855 1254 Regum
878 1167 1227 1230 donationes
1264 1192 1382 1231 non
1411 1170 1779 1232 solemnibus
1806 1195 2031 1249 eorum,

98 1256 202 1319 sed
234 1254 666 1329 Palatinorum,
713 1275 1244 1339 supremorumque
1276 1253 1594 1330 Comitum,
1641 1254 1859 1338 quibus
1896 1280 2031 1320 exe-

98 1339 364 1427 quendae
392 1337 718 1402 voluntatis
740 1359 886 1398 suae
904 1336 1215 1420 negotium
1244 1335 1548 1412 dederant,
1574 1338 1766 1400 literis
1800 1341 2032 1403 tardius

98 1425 301 1501 editis,
355 1423 609 1511 plurima
652 1420 957 1484 Auditorii
995 1419 1243 1500 (Curiae
1286 1420 1564 1505 Regalis)
1597 1422 1826 1506 judicia
1861 1425 2031 1487 Pris-

95 1508 273 1572 taldis
300 1507 579 1595 explicita
610 1519 914 1581 oretenus,
953 1528 1028 1568 ex
1064 1503 1276 1567 horum
1313 1503 1547 1567 demum
1586 1507 1876 1571 relatione
1934 1532 2030 1572 co-

96 1605 473 1680 gnoscuntur
489 1591 761 1676 Collegio
784 1589 1164 1652 sacerdotum
1184 1588 1258 1650 ad
1275 1589 1574 1652 Ecle'siam
1599 1591 1855 1676 aliquam
1873 1594 2032 1656 facta

97 1691 159 1741 et
202 1677 392 1740 literis
438 1701 547 1763 per
582 1675 695 1738 hos
736 1673 1122 1759 consignata3
1168 1697 1306 1735 nam
1344 1697 1594 1759 quorum
1634 1688 1873 1738 actuum
1908 1701 2030 1740 me-

95 1762 319 1826 moriae
354 1760 428 1823 ad
458 1760 695 1824 modum
730 1758 890 1821 hunc
931 1758 1268 1821 consultum
1313 1782 1431 1821 non
1482 1770 1607 1836 est,
1653 1783 1762 1846 per
1803 1761 2030 1824 obitum

96 1845 535 1909 Pristaldorum
569 1844 962 1906 intermortua
1003 1854 1148 1904 sunt
1178 1843 1480 1929 pleraque.

234 2046 278 2105 1)
322 2043 560 2093 Martinus
611 2042 818 2103 Comes,
874 2041 992 2092 dum
1037 2041 1193 2107 (apud
1228 2041 1379 2091 Bern.
1417 2040 1564 2104 Pecz)
1609 2058 1654 2092 a.
1707 2039 1870 2095 1137
1914 2060 2029 2096 mo-

71 2128 365 2193 nasterium
398 2128 458 2177 de
489 2128 670 2177 Chatar
704 2127 905 2193 praedio
933 2142 1025 2191 per
1054 2127 1240 2191 Regem
1268 2127 1361 2176 sibi
1394 2128 1576 2177 donato
1616 2135 1779 2193 auget,
1827 2145 1929 2179 non
1966 2131 2027 2181 ad

96 2213 280 2275 literaS,
325 2213 412 2262 sed
438 2218 592 2262 testes
625 2212 903 2262 donationis
924 2227 977 2260 se
996 2211 1163 2272 refert,
1211 2211 1390 2276 quibus
1424 2213 1586 2273 „dati
1629 2219 1768 2262 sunt
1802 2215 2026 2264 nummi

96 2298 154 2348 in
197 2296 753 2348 recordationem.“
797 2325 867 2332 —
907 2296 1127 2345 Andreas
1163 2295 1255 2345 111:
1289 2312 1488 2345 causam
1526 2297 1725 2361 capituli
1760 2298 2023 2361 BudensiS‚

97 2398 241 2447 quam
279 2382 465 2432 civibus
511 2381 658 2431 castri
702 2380 925 2446 ejusdem
972 2380 1229 2429 intendere
1275 2396 1442 2430 coram
1481 2397 1534 2430 se
1569 2381 1808 2442 voluerat,
1856 2383 2027 2433 Lodo-

94 2467 248 2516 merio
286 2466 672 2531 Archiepiscopo
716 2466 1038 2515 decidendam
1085 2471 1318 2514 oretenus
1362 2465 1559 2515 comisit
1608 2481 1653 2515 a.
1699 2464 1880 2516 1295.
1924 2467 2022 2517 LL.

94 2550 198 2599 ΕΕ.
245 2551 302 2599 T.
350 2551 413 2599 II.
452 2566 503 2614 p.
550 2547 689 2599 500.
737 2550 964 2599 Detricus
1013 2565 1183 2598 comes
1222 2549 1281 2598 de
1319 2550 1489 2599 Zolum
1528 2557 1577 2599 et
1614 2551 1673 2599 de
1716 2551 1906 2615 Scepus
1953 2552 2026 2600 si—

95 2635 293 2699 gnificat
340 2634 411 2696 (in
454 2634 617 2697 suppl.
661 2634 721 2683 ad
761 2634 887 2682 anal.
933 2634 1080 2697 Scep.
1119 2649 1170 2698 p.
1213 2629 1389 2694 378),
1439 2635 1571 2697 quod
1606 2634 1709 2682 Rex
1745 2634 1885 2696 (Bela
1919 2635 2024 2696 IV.)

95 2734 180 2767 ore
221 2733 310 2767 suo
348 2718 392 2767 ei
428 2717 697 2783 praecepit,
745 2723 800 2767 ut
834 2717 1091 2766 Leonardo
1128 2717 1179 2765 in
1217 2716 1397 2781 Szepes
1435 2717 1768 2781 provisionem
1807 2718 1859 2768 in
1894 2725 2025 2768 terra

93 2803 291 2853 faceret.

965 2995 1008 3071 ς
1053 2999 1154 3055 29.

338 3132 597 3208 plurima
628 3152 766 3210 post
794 3145 1049 3195 medium
1081 3160 1198 3195 sec.
1230 3144 1387 3195 XIII.
1420 3145 1579 3196 edita
1611 3151 1781 3207 sunt,

267 3290 591 3353 Commoda
623 3291 824 3375 itaque
862 3304 922 3354 et
956 3291 1381 3355 necessitatem
1418 3290 1822 3376 Diplomatum
1856 3292 2023 3351 Hun-

95 3374 229 3462 gari
278 3398 454 3460 quam
508 3374 762 3437 maxime
811 3375 1177 3461 experientia
1212 3375 1506 3460 magistra
1551 3372 1710 3436 docti
1752 3386 1909 3435 sunt.
1954 3375 2024 3437 Id

96 3482 215 3524 non
245 3459 486 3524 dubium
518 3472 633 3536 est,
679 3482 788 3544 per
823 3459 1114 3523 violentas
1165 3459 1554 3546 praesertim,
1601 3480 1753 3543 quae
1798 3457 2024 3523 cladem
