2384 3886
376 210 500 267 110

374 343 588 407 delatis
636 362 755 403 non
802 338 956 401 idem
1007 336 1281 403 omnibus
1377 336 1711 424 ropositum
1752 336 2034 421 perstitit.
2101 336 2305 400 Alteri

372 429 472 489 vix
516 426 655 489 dum
710 421 955 486 relictas
995 434 1272 508 repetere
1322 361 1546 496 gedam
1621 421 1682 482 in
1746 419 1948 506 plagis
1977 420 2151 484 alteri
2199 443 2306 508 per
2375 503 2377 505 g

371 506 1074 574 chazaros-conditione
1127 506 1372 570 militiae
1425 505 1642 569 oblatis
1691 525 2073 590 permanere,
2130 527 2305 590 quam

372 594 529 680 quod
566 593 786 654 Almus
831 602 1140 669 svaserat‚
1195 591 1478 677 prosequi
1519 589 1636 652 iter
1661 587 1941 665 arduum,
1988 600 2310 674 regnatas·

370 702 483 763 que
542 677 681 739 olim
730 674 937 738 Atilae
979 675 1320 762 provincias
1354 673 1534 761 potiri
1575 674 1928 735 maluerunt.
1973 672 2189 758 Plagis
2230 672 2308 734 iis

370 761 443 823 ad
477 761 758 845 Iugulum
791 771 854 821 et
882 760 1214 845 Danaprim
1243 760 1378 822 sitis
1410 756 1717 821 Lebediae
1753 779 1969 820 nomen
2000 755 2227 834 haesit,
2273 779 2310 818 a

369 846 698 931 Capitaneo
745 843 1018 907 Lebedia
1056 843 1311 923 (rectius
1352 841 1663 921 Eleudio)‚
1725 863 1900 926 quem
1938 840 2148 903 initum
2175 863 2308 902 cum

367 929 642 993 chazara
673 927 955 1014 Principe
985 927 1363 1013 conjugium,
1411 947 1700 1009 curaque,
1753 936 1823 987 ut
1869 923 2308 988 infaustissimo

369 1012 618 1078 discidio
659 1012 774 1075 hoc
820 1024 1118 1098 captatam
1150 1036 1259 1098 per
1293 1008 1679 1074 Contribules
1731 1031 1877 1070 suos
1909 1007 2197 1095 pereundi
2240 1008 2309 1070 li-

369 1097 622 1161 centiam
693 1119 805 1158 sua
856 1094 1152 1182 sapientia
1210 1105 1575 1182 temperaret
1597 1141 1612 1170 ‚
1670 1090 1851 1155 isthic
1906 1093 2163 1178 aliquam
2209 1092 2306 1155 diu

369 1181 639 1246 detinuit.

1269 1368 1414 1443 §a

369 1532 593 1593 ceteri,
649 1538 881 1597 septem
927 1530 1193 1582 tribuum
1243 1531 1649 1581 Cumanorum
1698 1530 2086 1590 accessione,
2143 1530 2307 1580 aucti

428 1618 591 1667 circa
629 1632 674 1667 a.
722 1612 858 1667 889
900 1616 1058 1666 sines
1100 1615 1444 1665 Pannoniae
1482 1614 1951 1679 Bodrogumque
1989 1614 2048 1664 in
2087 1628 2248 1664 suam

983 1699 1268 1764 redigunt
1304 1705 1694 1764 potestatem.

539 1861 743 1925 Ceteri
795 1860 956 1922 ultra
1009 1883 1244 1946 quoque
1295 1860 1540 1923 Almum
1599 1858 1771 1944 sequi
1823 1869 2305 1944 perseverarunt.

368 1950 448 2009 Et
483 1945 668 2008 rebus
714 1944 791 2007 ad
830 1944 1111 2007 Kioviam
1164 1945 1401 2008 fortiter
1431 1943 1658 2030 gestis,
1705 1955 2039 2028 spontanea
2075 1956 2306 2029 septem

368 2030 630 2093 tribuum
667 2031 1071 2092 Cumanorum
1107 2028 1455 2098 accessione
1497 2027 1656 2090 aucti
1692 2026 2138 2104 Vladimiriam‚
2181 2031 2307 2091 Ha-

369 2114 678 2200 liciamque
724 2112 1015 2177 Victores
1080 2113 1533 2177 emetiebantur.
1588 2111 1708 2175 Hic
1755 2135 1875 2175 non
1921 2111 2022 2174 diu
2070 2112 2306 2188 morati,

370 2199 486 2262 side
515 2198 943 2283 obsidibusque
983 2198 1247 2283 acceptis
1298 2198 1500 2260 levant
1534 2195 1744 2281 signa,
1792 2208 1852 2259 et
1890 2195 2131 2281 agmine
2163 2196 2335 2282 sub-V

372 2295 640 2346 actorum
701 2281 1153 2359 Kioviensium‚
1210 2281 1741 2365 Ruthenorumque
1796 2293 1858 2343 et
1910 2280 2305 2344 Bissenorum

369 2366 830 2454 praegrediente
854 2414 870 2443 ,
926 2367 1083 2429 circa
1121 2390 1172 2428 a.
1218 2372 1346 2430 889
1393 2377 1683 2450 superant
1724 2376 1959 2431 montes
2000 2364 2306 2428 Havasios

371 2464 432 2514 et
478 2451 854 2514 Pannoniam
904 2451 1170 2536 ingressi
1214 2451 1365 2512 fines
1413 2448 1593 2534 hujus
1649 2448 1722 2510 ad
1776 2449 2089 2511 Tibiscum
2114 2497 2130 2526 ‚
2186 2452 2304 2519 Bo-

370 2534 786 2621 droghumque
823 2534 1116 2597 Valachis
1155 2546 1215 2598 et
1265 2533 1468 2597 Slavis
1505 2532 1837 2610 habitatos,
1870 2533 1969 2605 his
2006 2556 2304 2597 armorum

370 2619 489 2682 vim
513 2620 818 2683 celeritate
868 2618 1141 2705 obsequii
1189 2618 1652 2695 redimentibus,
1712 2619 1787 2680 in
1815 2640 1984 2682 suam
2021 2617 2306 2704 redigunt

370 2717 753 2789 potestatem.
815 2711 862 2782 1)

510 2966 553 3024 1)
600 2962 865 3012 Katonaius
906 2963 966 3012 de
1005 2963 1296 3028 migratione
1336 2971 1385 3013 et
1423 2964 1633 3013 adventu
1672 2962 2019 3027 Hungarorum
2050 2962 2100 3011 in
2131 2976 2301 3028 opere,

373 3048 450 3097 cui
493 3048 568 3096 tit.
613 3046 880 3111 „Epitome
925 3047 1100 3096 chron.
1142 3063 1240 3098 rer.
1283 3048 1436 3112 hung.
1478 3046 1697 3097 sontibus
1734 3047 1905 3112 patriis
1937 3047 2145 3096 maxime
2177 3062 2304 3096 con-

373 3139 606 3181 sentanea
637 3131 796 3192 dedit;
842 3131 1085 3181 levissima
1116 3131 1209 3192 illi,
1252 3132 1334 3197 qui
1365 3139 1563 3197 gentem
1595 3147 1851 3196 nunquam
1883 3147 1985 3181 non
2014 3131 2301 3201 bellicosam

373 3223 422 3265 et
462 3216 511 3265 in
551 3222 780 3266 externos
818 3222 901 3266 aut
940 3216 1242 3266 domesticos
1281 3222 1446 3266 motus
1486 3216 1781 3281 inquietam,
1822 3217 1960 3266 avitis
1989 3216 2039 3265 in
2070 3216 2180 3265 Asia
2212 3216 2303 3265 de-

374 3300 566 3363 pulsam
598 3300 824 3362 sedibuS,
857 3301 906 3350 in
938 3300 1150 3350 Lebedia
1181 3301 1450 3365 pisciculos
1482 3307 1565 3351 aut
1595 3301 1807 3352 lacertos
1840 3307 2036 3366 captare
2067 3306 2151 3350 aut
2181 3300 2302 3350 dor-

375 3384 496 3433 mire
527 3400 683 3435 annos
715 3386 983 3446 ducentos.
1018 3391 1120 3436 tum
1154 3401 1268 3437 vero
1300 3386 1575 3451 expergisci
1607 3393 1811 3451 repente
1843 3393 1893 3436 et
1921 3385 1982 3436 ad
2015 3384 2300 3450 occupanda

377 3467 562 3530 accingi
595 3484 742 3532 regna
776 3471 970 3520 volunt..
2092 3471 2099 3476 ’
