2384 3886
1900 174 2024 229 209

965 401 1005 475 g
1052 403 1147 459 25.

2 548 227 641 *lisola
272 588 454 638 porro
499 585 736 636 quoque
790 567 1085 631 dignitate
1133 568 1477 617 distinctos:
1570 571 1754 634 Atque
1801 568 1868 617 ad
1915 570 2020 618 hos

629 654 795 703 notio
843 653 1056 717 populi
1102 659 1271 702 vetus
1318 654 1489 702 redit.

43 898 46 900 q
269 817 483 906 Populi
530 839 739 878 nomen
796 815 1070 878 liberos
1116 813 1250 879 olim
1286 813 1695 901 significabat3
1741 829 1879 901 post
1923 817 2022 878 uhi

8 940 41 1022 ξ
101 928 217 969 sec.
239 907 410 968 Xlll.
441 901 690 964 liberis
730 901 1000 988 apellatio
1032 899 1397 963 Nobilium
1434 914 1493 965 et
1522 898 1761 964 demum*
1792 901 2025 988 priscae

11 991 32 1071 ᾗ.
102 989 443 1072 Comitum
467 1000 527 1051 et
550 986 845 1050 militum
885 986 1200 1062 formulae,
1252 1009 1542 1073 praesens
1583 986 2024 1050 Dominorum

102 1073 541 1140 etNobilium
584 1070 902 1149 successit,
939 1073 1236 1135 notionem
1278 1072 1517 1158 populi
1560 1072 1735 1136 Juris
1768 1072 2024 1134 consulti

14 1154 30 1185 ³³
99 1161 161 1223 in
198 1160 543 1246 angustius:
606 1158 875 1220 Civium
932 1157 1404 1245 perfectorum
1442 1158 1822 1232 Aristotelis3
1879 1160 2023 1220 Na-

98 1244 450 1332 tionisque
485 1243 819 1331 politicae
850 1242 1108 1321 Gvizoti,
1145 1242 1509 1330 redegerunt
1542 1244 1818 1330 spatium.
1858 1246 2024 1306 Gens

4 1394 7 1398 A
102 1333 250 1431 ipsa,
282 1330 436 1418 quod
461 1328 680 1392 nullius
711 1352 967 1415 unquam
997 1330 1134 1392 boni
1166 1329 1315 1391 satis
1330 1327 1592 1414 jucunda
1635 1329 1689 1391 ei
1726 1328 1854 1392 sine
1894 1329 2021 1415 plu*

13 1414 68 1466 ''fi-
102 1416 267 1499 rimis
314 1415 495 1480 sociis
544 1414 851 1501 possessio
903 1427 1099 1491 esset,
1164 1413 1707 1500 Regnicolarum
1774 1413 2023 1501 primum

12 1515 19 1522 ‘
105 1502 408 1590 adoptavit
431 1524 667 1574 nomen3
696 1499 927 1563 axioma
946 1499 1154 1564 deinde
1175 1500 1564 1577 Nobilium,
1595 1524 1702 1587 per
1717 1500 2024 1563 formulam

101 1601 476 1677 praesentem
528 1586 854 1665 „nobiles
904 1600 972 1650 et
1014 1610 1184 1673 quos
1232 1586 1347 1649 lex
1395 1586 1521 1649 sub
1562 1585 1691 1648 hac
1745 1609 2023 1649 nomen-

22 1732 33 1737 -
103 1673 411 1737 clatione
446 1671 987 1759 complectitur“
1022 1695 1152 1735 cum
1189 1670 1526 1734 hominihus
1561 1671 1892 1758 quibusque
1916 1670 2020 1734 ho-

13 1771 15 1773 ’
101 1759 420 1824 noratioris
506 1757 885 1835 conditionis,
955 1769 1014 1820 et
1050 1758 1202 1821 omni
1237 1756 1491 1819 nominis
1524 1757 1834 1843 hungarici
1877 1758 2025 1820 flore

104 1843 564 1908 communicavit.

21 850 31 872 ἶ
44 849 50 853 ,

20 908 24 917 ι

974 2064 1015 2140 g
1061 2067 1158 2122 26.

108 2219 222 2269 Sed
267 2218 408 2269 huic
460 2233 564 2284 pro
615 2217 854 2268 liberali
906 2218 1079 2284 genio
1134 2233 1238 2267 suo
1285 2215 1569 2282 apellatio
1627 2216 2027 2281 „Regnicola-

418 2304 435 2339 s
494 2308 655 2354 rum“
705 2304 918 2364 latior,
965 2318 1093 2353 mox
1139 2303 1372 2368 placuit
1415 2302 1617 2367 magis,

275 2454 511 2515 Nomen
550 2451 1092 2538 Regnicolarum
1133 2452 1315 2515 Belae
1349 2454 1457 2512 111.
1498 2450 1810 2527 familiare,
1843 2458 1889 2531 ¹)
1946 2451 2025 2514 le-

107 2559 365 2623 gumque
411 2538 647 2600 tabulas
698 2561 815 2602 sec.
854 2540 1027 2600 Xlll.
1074 2538 1450 2623 ingressum,
1488 2544 1538 2617 2)
1599 2560 1716 2599 non
1764 2536 2027 2599 Comites

27 2626 45 2690 f
106 2634 364 2701 tantum,
410 2623 772 2709 militesque,
834 2623 939 2686 sed
976 2621 1244 2710 hospites
1290 2622 1465 2685 etiam
1506 2620 1558 2685 d.
1597 2619 1902 2709 Stephano
1924 2622 2022 2708 qui

109 2708 410 2786 dicuntur,
465 2721 526 2772 et
562 2733 730 2772 omne
764 2731 957 2795 genus
999 2707 1322 2771 incolarum
1367 2705 1540 2793 regni
1592 2709 1852 2794 pollenS,
1899 2708 2026 2770 nul-

106 2794 277 2881 laque
321 2793 650 2858 conditione
690 2793 892 2858 servili
924 2794 1236 2858 obnoxium
1268 2795 1691 2881 complectitur.
1722 2800 1772 2874 3)
1838 2796 2025 2880 Cujus

246 2982 288 3040 1)
332 2980 388 3029 ln
417 2981 488 3030 lit.
529 2981 579 3031 h.
614 2980 760 3032 Petri.
810 2981 1130 3047 Quinqueecl.
1166 2982 1224 3031 de
1256 2996 1299 3031 a.
1340 2978 1518 3031 1192.
1567 2978 1653 3029 His
1685 2977 1726 3028 si
1767 2978 1876 3043 quis
1907 2976 2023 3026 alias

0 3120 2 3123 v
111 3065 171 3114 de
200 3081 244 3114 a.
290 3062 448 3114 1006
483 3063 567 3132 (C.
609 3067 667 3116 D.
718 3068 757 3116 Ι.
797 3084 846 3133 p.
891 3066 1037 3130 255)
1088 3068 1331 3129 obvertat3
1388 3066 1480 3117 sihi
1518 3065 1637 3115 istas
1676 3061 1878 3124 h'abeat3
1927 3062 2024 3111 im-

0 3150 2 3203 ἶ
110 3149 282 3214 probio
313 3165 392 3199 res
425 3157 539 3199 sunt
568 3152 962 3216 improbissimis.

0 3217 3 3293 f
243 3237 289 3296 2)
334 3235 450 3284 Vide
502 3236 638 3286 artic.
690 3234 787 3287 35.
854 3234 1039 3296 1291,
1111 3235 1212 3298 16,
1277 3234 1378 3296 17,
1436 3230 1534 3286 41.
1588 3230 1747 3283 1298
1807 3230 2023 3297 Sylloges

0 3299 7 3360 ¹>
114 3319 256 3371 Decr.
291 3321 432 3370 Com.

246 3407 293 3468 3)
339 3404 527 3456 Nomen
571 3421 687 3456 sane
727 3406 1195 3472 auspicatissimum,
1255 3407 1495 3456 delectum
1527 3404 1586 3453 ad
1617 3415 1723 3453 eam
1753 3401 2022 3453 Aristotelis

116 3489 147 3538 l.
181 3490 241 3540 n.
276 3508 320 3540 c.
359 3490 410 3541 1.
445 3492 807 3556 exprimendam
851 3492 1139 3540 sententiam
1182 3506 1318 3553 „non
1363 3490 1490 3540 enim
1524 3489 1682 3538 solum
1714 3501 1773 3555 ex
1802 3487 2021 3552 pluribus

0 3539 8 3674 ξ

0 3686 9 3886 ἓ
