2384 3886
1935 209 2011 262 41

958 347 1001 420 §
1045 350 1144 405 as.

93 506 684 574 adumbrandamque
742 514 1006 557 veterem
1061 508 1437 573 judiciorum
1503 511 1747 561 sormam
1800 518 1859 561 et
1910 513 2017 562 ad—

470 606 944 658 ministrationis
988 607 1270 672 puhlicae
1315 609 1635 669 rationem,

262 770 555 864 Suprema
599 768 922 854 judiciaria
966 770 1293 832 auctoritas
1342 793 1528 857 penes
1558 773 1840 854 'Regem3
1915 771 2015 856 qui

90 877 222 917 cum
259 853 633 939 'prlncipibus
699 876 827 916 eam
890 853 1036 915 viris
1090 878 1199 940 per
1242 878 1335 930 se,
1412 867 1515 916 aut
1571 877 1695 939 per
1756 856 2015 917 missos

88 937 330 1022 regios
386 937 524 999 istic
570 950 826 1000 exercet.
871 939 1277 1023 Magistratus
1317 938 1646 1024 praecipui:
1700 939 2015 1000 Palatinus

87 1034 147 1084 et
192 1022 394 1084 Judex
441 1021 659 1085 Curiae
713 1022 969 1107 Regiae3
1042 1046 1293 1108 quorum
1337 1023 1454 1085 iste
1490 1022 1686 1108 Regio
1733 1021 2017 1084 adhaeret

85 1105 285 1179 lateri3
340 1106 470 1182 ille,
525 1129 656 1167 cum
695 1129 876 1192 saepe
921 1107 995 1169 ad
1049 1108 1292 1171 Curiam
1344 1107 1562 1193 Regis,
1642 1106 2015 1193 saepissime,

84 1191 431 1276 passimque
476 1203 647 1252 extra
685 1189 857 1266 hanc,
904 1214 1015 1253 nec
1058 1215 1176 1254 uno
1219 1193 1371 1268 loco,
1418 1192 1545 1267 sed,
1591 1204 1658 1254 ut
1690 1191 1773 1253 ita
1805 1190 2014 1267 dicam,

84 1273 302 1358 ubique
347 1287 458 1338 est.
511 1274 742 1359 Regiae
783 1275 1087 1337 missionis
1134 1276 1350 1351 honor,
1407 1275 1829 1362 provinciaque
1883 1276 2015 1337 loco

83 1358 343 1420 Palatini
363 1362 466 1444 jus
504 1358 737 1422 dicendi
776 1360 1123 1444 plerumque
1158 1359 1493 1422 Comitibus
1529 1363 1881 1422 Castrorum
1917 1359 2015 1422 de-

83 1443 299 1518 fertur,
356 1444 519 1506 velut
570 1443 670 1529 qui
722 1443 1057 1506 ordinarios
1102 1442 1237 1506 illos
1277 1443 1475 1528 Regni
1517 1444 1768 1506 Judices
1822 1444 2017 1527 gradu

84 1525 446 1612 dignationis
477 1527 731 1614 proximi
763 1541 1112 1612 sequuntur.
1143 1528 1401 1614 Propria
1430 1527 1641 1590 horum
1654 1527 2015 1612 jurisdictiO,

82 1610 143 1672 in
169 1611 508 1697 pervisione
532 1612 832 1674 exercitus
859 1612 1070 1686 castri,
1101 1612 1279 1675 etiam
1308 1612 1382 1674 ad
1417 1612 1794 1697 Jobagiones
1832 1612 2016 1674 castri

82 1697 414 1769 naturales3
461 1696 522 1757 in
567 1695 766 1758 causis
805 1696 1196 1758 contentiosis
1236 1697 1308 1759 ad
1336 1698 1616 1783 populum
1655 1696 1838 1758 castri
1870 1696 2015 1758 infe-

82 1780 300 1842 riorem
340 1779 643 1866 pertinuit.
702 1783 906 1865 Atque
933 1781 992 1842 in
1028 1780 1141 1842 hac
1167 1781 1431 1844 muneris
1455 1794 1627 1866 parte
1671 1781 1852 1865 longe
1896 1803 2015 1841 am-

83 1863 353 1949 plissima
394 1864 548 1926 ⁴Vice
590 1865 841 1927 Comitis
882 1888 1061 1950 opera
1094 1866 1432 1928 utebantur.
1487 1865 1661 1927 Nihil
1684 1878 1882 1927 tamen
1919 1889 2014 1926 ve-

81 1947 278 2024 tabat,
325 1948 466 2033 quin
488 1948 665 2033 hujus
691 1972 925 2034 quoque
953 1949 1197 2034 generis
1222 1949 1522 2013 hominum
1544 1973 1761 2011 causas
1785 1953 2015 2010 Duum-

81 2031 194 2093 viri
245 2032 342 2093 'illi
401 2031 703 2095 Ordinarii
755 2033 1006 2096 Judices
1062 2033 1280 2118 regni,
1356 2033 1589 2096 nemine
1633 2032 1748 2096 alio
1800 2031 2013 2108 medic,

84 2115 440 2179 deciderent.
499 2117 723 2180 Eadem
769 2131 925 2180 teste
968 2120 1238 2202 Regesto
1282 2118 1397 2181 hoc
1430 2117 1851 2180 Tribunalium
1889 2121 2014 2179 Do-

82 2200 374 2263 minorum
409 2200 614 2281 (sedes
641 2202 990 2265 Dominales
1023 2201 1198 2265 hodie
1235 2202 1511 2281 dicimus)
1550 2202 1825 2265 conditio.
1870 2200 2014 2263 Nisi

84 2307 335 2370 namque
378 2285 623 2371 speciali
670 2290 905 2371 Regum
947 2285 1263 2373 privilegio
1307 2310 1486 2350 secus
1534 2301 1772 2349 cautum
1829 2299 2014 2360 esset,

84 2370 344 2455 supremi
374 2394 483 2456 per
516 2394 771 2455 regnum
806 2374 851 2434 J
857 2371 1067 2433 udices
1110 2370 1207 2447 hi,
1283 2372 1639 2434 auctoritate
1696 2369 2015 2446 ordinaria,

83 2475 274 2538 neque
310 2453 371 2516 hi
414 2467 671 2531 tantum,
718 2455 825 2518 sed
860 2455 1126 2518 Comites
1158 2479 1392 2541 quoque
1426 2455 1797 2542 parochiales
1821 2454 2009 2540 juris-

83 2536 399 2600 dictionem
461 2539 520 2600 in
596 2540 839 2602 colonos
903 2540 1345 2625 inquilinosque
1404 2540 1802 2626 privatorum,
1877 2562 2015 2600 con-

82 2633 206 2698 tra,
267 2645 442 2707 quam
501 2622 656 2707 apud
701 2636 919 2707 gentes
942 2628 1095 2686 Jure
1128 2624 1408 2708 alligatas
1440 2624 1658 2685 feudali
1690 2622 2015 2697 obtinebat,

83 2711 420 2769 exercuere.
494 2706 883 2769 Arbitrorum
939 2707 1230 2792 plurimus
1285 2706 1398 2768 hac
1450 2720 1646 2770 aetate
1695 2731 1860 2769 usus,
1923 2711 2015 2768 Ex

81 2788 176 2850 his
247 2790 628 2853 arbitros
692 2790 1264 2876 parochianitas3
1328 2792 1818 2877 provinciales
1883 2793 2015 2852 Pa-

82 2872 292 2934 latini
350 2877 833 2951 Assessores,
890 2898 1041 2960 quos
1107 2874 1204 2936 hic
1237 2878 1361 2960 jam
1411 2875 1541 2960 ipse
1591 2875 1842 2960 delegit,
1888 2877 2027 2959 jam-

81 2979 189 3041 per
219 2958 745 3044 comprovinciales
778 2959 1041 3022 delectos
1082 2959 1157 3022 ad
1202 2959 1493 3043 judicium
1561 2958 1846 3036 adhibuit,
1903 2961 2015 3022 bo-

31 3048 359 3124 ''nosque
428 3042 748 3105 homines
800 3043 861 3104 in
921 3056 1169 3127 regesto
1227 3044 1340 3106 hoc
1386 3044 1675 3129 plurimos
1730 3043 2014 3129 reperias

81 3123 358 3185 Bilochi
429 3126 657 3210 Regis
710 3126 867 3203 istic,
930 3151 1038 3212 pro
1079 3151 1322 3190 munere
1373 3128 1550 3190 officii
1589 3128 1702 3202 sui,
1729 3131 1854 3212 jam
1883 3149 2014 3187 cum

82 3208 416 3270 Praefectis
448 3210 649 3285 villae,
716 3214 840 3295 jam
884 3234 1015 3272 cum
1067 3212 1299 3274 Comite
1349 3225 1450 3274 aut
1500 3211 1724 3274 Curiali
1783 3210 2014 3272 Comite

83 3292 285 3353 Castri
354 3292 426 3354 de
497 3293 675 3355 furtis
723 3307 784 3356 et
835 3295 1165 3358 latrociniis
1237 3295 1621 3382 quaestiones
1675 3294 2013 3356 instituunt.

0 3395 1 3400 ’
82 3377 232 3436 Erat
279 3389 336 3438 et
385 3376 612 3438 Curiali
663 3378 881 3439 comiti
933 3380 1238 3464 Reginae,
1317 3379 1649 3442 Comitibus
1702 3390 2016 3462 praeterea

0 3494 2 3502 >
83 3458 629 3537 Thavernicorum,
696 3464 1072 3524 Venatorum
1137 3476 1197 3526 et
1252 3467 1626 3527 Praeconum
1684 3462 2016 3547 Regiorum
