<?xml version="1.0" encoding="UTF-8"?>
<!DOCTYPE html PUBLIC "-//W3C//DTD XHTML 1.0 Transitional//EN"
    "http://www.w3.org/TR/xhtml1/DTD/xhtml1-transitional.dtd">
<html xmlns="http://www.w3.org/1999/xhtml" xml:lang="en" lang="en">
 <head>
  <title>
</title>
<meta http-equiv="Content-Type" content="text/html;charset=utf-8" />
  <meta name='ocr-system' content='tesseract 3.04.00' />
  <meta name='ocr-capabilities' content='ocr_page ocr_carea ocr_par ocr_line ocrx_word'/>
</head>
<body>
  <div class='ocr_page' id='page_1' title='image "./commentariorumad01bart_0353.png"; bbox 0 0 2384 3886; ppageno 0'>
   <div class='ocr_carea' id='block_1_1' title="bbox 0 429 2029 916">
    <p class='ocr_par' dir='ltr' id='par_1_1' title="bbox 0 429 2029 916">
     <span class='ocr_line' id='line_1_1' title="bbox 962 429 1188 503; baseline 0.004 -18"><span class='ocrx_word' id='word_1_1' title='bbox 962 429 1003 503; x_wconf 76' lang='lat'><em>§</em></span> <span class='ocrx_word' id='word_1_2' title='bbox 1051 432 1188 488; x_wconf 80' lang='lat'><strong>148.</strong></span> 
     </span>
     <span class='ocr_line' id='line_1_2' title="bbox 739 594 1412 660; baseline 0.006 -18"><span class='ocrx_word' id='word_1_3' title='bbox 739 594 1412 660; x_wconf 75' lang='lat' dir='ltr'><strong>frequentissimumque</strong></span> 
     </span>
     <span class='ocr_line' id='line_1_3' title="bbox 0 655 2029 892; baseline 0.003 -79"><span class='ocrx_word' id='word_1_4' title='bbox 0 655 28 892; x_wconf 33' lang='grc' dir='ltr'><strong>ἓ(</strong></span> <span class='ocrx_word' id='word_1_5' title='bbox 284 754 562 817; x_wconf 89' lang='lat' dir='ltr'><strong>Duellum</strong></span> <span class='ocrx_word' id='word_1_6' title='bbox 605 753 856 838; x_wconf 90' lang='lat' dir='ltr'><strong>quisque</strong></span> <span class='ocrx_word' id='word_1_7' title='bbox 893 776 999 840; x_wconf 93' lang='lat' dir='ltr'><strong>per</strong></span> <span class='ocrx_word' id='word_1_8' title='bbox 1041 777 1134 827; x_wconf 73' lang='lat' dir='ltr'><strong>se,</strong></span> <span class='ocrx_word' id='word_1_9' title='bbox 1194 754 1310 816; x_wconf 89' lang='lat' dir='ltr'><strong>nisi</strong></span> <span class='ocrx_word' id='word_1_10' title='bbox 1350 779 1457 841; x_wconf 90' lang='lat' dir='ltr'><strong>per</strong></span> <span class='ocrx_word' id='word_1_11' title='bbox 1496 779 1703 818; x_wconf 81' lang='lat' dir='ltr'><strong>sexum</strong></span> <span class='ocrx_word' id='word_1_12' title='bbox 1741 756 1833 819; x_wconf 89' lang='lat' dir='ltr'><strong>vel</strong></span> <span class='ocrx_word' id='word_1_13' title='bbox 1872 769 2029 820; x_wconf 87' lang='lat' dir='ltr'><strong>aeta—</strong></span> 
     </span>
     <span class='ocr_line' id='line_1_4' title="bbox 0 838 2029 916; baseline 0.002 -16"><span class='ocrx_word' id='word_1_14' title='bbox 0 850 24 913; x_wconf 54' lang='lat'><strong>„1</strong></span> <span class='ocrx_word' id='word_1_15' title='bbox 111 851 230 901; x_wconf 89' lang='lat' dir='ltr'><strong>tem</strong></span> <span class='ocrx_word' id='word_1_16' title='bbox 298 839 479 901; x_wconf 89' lang='lat' dir='ltr'><strong>armis</strong></span> <span class='ocrx_word' id='word_1_17' title='bbox 531 838 857 902; x_wconf 81' lang='lat' dir='ltr'>tractandis</span> <span class='ocrx_word' id='word_1_18' title='bbox 895 838 1087 902; x_wconf 89' lang='lat' dir='ltr'><strong>minus</strong></span> <span class='ocrx_word' id='word_1_19' title='bbox 1135 839 1430 916; x_wconf 82' lang='lat' dir='ltr'><strong>idoneam,</strong></span> <span class='ocrx_word' id='word_1_20' title='bbox 1491 840 1887 904; x_wconf 82' lang='lat' dir='ltr'><strong>sacerdotium</strong></span> <span class='ocrx_word' id='word_1_21' title='bbox 1937 843 2029 906; x_wconf 88' lang='lat' dir='ltr'><strong>vel</strong></span> 
     </span>
    </p>
   </div>
   <div class='ocr_carea' id='block_1_2' title="bbox 0 916 2030 1441">
    <p class='ocr_par' dir='ltr' id='par_1_2' title="bbox 0 916 2027 1010">
     <span class='ocr_line' id='line_1_5' title="bbox 0 916 2027 1010; baseline 0.001 -24"><span class='ocrx_word' id='word_1_22' title='bbox 0 916 38 1004; x_wconf 66' lang='grc' dir='ltr'>ξ</span> <span class='ocrx_word' id='word_1_23' title='bbox 111 923 423 987; x_wconf 88' lang='lat' dir='ltr'><strong>eminentis</strong></span> <span class='ocrx_word' id='word_1_24' title='bbox 457 923 768 1010; x_wconf 89' lang='lat' dir='ltr'><strong>dignitatis</strong></span> <span class='ocrx_word' id='word_1_25' title='bbox 823 923 1010 986; x_wconf 89' lang='lat' dir='ltr'><strong>civilis</strong></span> <span class='ocrx_word' id='word_1_26' title='bbox 1055 924 1369 1001; x_wconf 85' lang='lat' dir='ltr'><strong>rationem,</strong></span> <span class='ocrx_word' id='word_1_27' title='bbox 1431 939 1846 1000; x_wconf 86' lang='lat' dir='ltr'><strong>excusaretur;</strong></span> <span class='ocrx_word' id='word_1_28' title='bbox 1901 940 2027 989; x_wconf 88' lang='lat' dir='ltr'><strong>tum</strong></span> 
     </span>
    </p>

    <p class='ocr_par' dir='ltr' id='par_1_3' title="bbox 0 1009 2030 1097">
     <span class='ocr_line' id='line_1_6' title="bbox 0 1009 2030 1097; baseline 0.001 -24"><span class='ocrx_word' id='word_1_29' title='bbox 0 1012 35 1094; x_wconf 93' lang='grc' dir='ltr'><strong>Ξ</strong></span> <span class='ocrx_word' id='word_1_30' title='bbox 110 1009 263 1073; x_wconf 91' lang='lat' dir='ltr'><strong>enim</strong></span> <span class='ocrx_word' id='word_1_31' title='bbox 278 1033 386 1097; x_wconf 91' lang='lat' dir='ltr'><strong>per</strong></span> <span class='ocrx_word' id='word_1_32' title='bbox 433 1010 785 1073; x_wconf 91' lang='lat' dir='ltr'><strong>conductum</strong></span> <span class='ocrx_word' id='word_1_33' title='bbox 825 1011 1088 1097; x_wconf 82' lang='lat' dir='ltr'><strong>pugilem</strong></span> <span class='ocrx_word' id='word_1_34' title='bbox 1121 1011 1323 1074; x_wconf 81' lang='lat' dir='ltr'><strong>inibat.</strong></span> <span class='ocrx_word' id='word_1_35' title='bbox 1368 1011 1438 1075; x_wconf 91' lang='lat' dir='ltr'><strong>ld</strong></span> <span class='ocrx_word' id='word_1_36' title='bbox 1468 1035 1609 1076; x_wconf 86' lang='lat' dir='ltr'><strong>vero</strong></span> <span class='ocrx_word' id='word_1_37' title='bbox 1635 1011 1871 1076; x_wconf 69' lang='lat' dir='ltr'><strong>,Iudicis</strong></span> <span class='ocrx_word' id='word_1_38' title='bbox 1899 1026 2030 1076; x_wconf 88' lang='lat' dir='ltr'><strong>erat</strong></span> 
     </span>
    </p>

    <p class='ocr_par' dir='ltr' id='par_1_4' title="bbox 0 1094 2028 1174">
     <span class='ocr_line' id='line_1_7' title="bbox 0 1094 2028 1174; baseline 0 -16"><span class='ocrx_word' id='word_1_39' title='bbox 0 1094 17 1128; x_wconf 63' lang='lat'><strong>&#39;¹³</strong></span> <span class='ocrx_word' id='word_1_40' title='bbox 107 1095 443 1173; x_wconf 81' lang='lat' dir='ltr'><strong>arbitrium,</strong></span> <span class='ocrx_word' id='word_1_41' title='bbox 511 1116 584 1159; x_wconf 90' lang='lat' dir='ltr'><strong>an</strong></span> <span class='ocrx_word' id='word_1_42' title='bbox 633 1095 893 1158; x_wconf 90' lang='lat' dir='ltr'><strong>novitius</strong></span> <span class='ocrx_word' id='word_1_43' title='bbox 941 1120 1072 1158; x_wconf 92' lang='lat' dir='ltr'><strong>cum</strong></span> <span class='ocrx_word' id='word_1_44' title='bbox 1117 1110 1430 1174; x_wconf 89' lang='lat' dir='ltr'><strong>veterano,</strong></span> <span class='ocrx_word' id='word_1_45' title='bbox 1496 1099 1588 1161; x_wconf 86' lang='lat' dir='ltr'><strong>vel</strong></span> <span class='ocrx_word' id='word_1_46' title='bbox 1647 1096 1841 1160; x_wconf 89' lang='lat' dir='ltr'><strong>nudus</strong></span> <span class='ocrx_word' id='word_1_47' title='bbox 1897 1121 2028 1160; x_wconf 91' lang='lat' dir='ltr'><strong>cum</strong></span> 
     </span>
    </p>

    <p class='ocr_par' dir='ltr' id='par_1_5' title="bbox 5 1181 2027 1441">
     <span class='ocr_line' id='line_1_8' title="bbox 5 1181 2027 1279; baseline 0.001 -36"><span class='ocrx_word' id='word_1_48' title='bbox 5 1193 12 1207; x_wconf 84' lang='lat'><em>&#39;</em></span> <span class='ocrx_word' id='word_1_49' title='bbox 107 1194 334 1245; x_wconf 89' lang='lat' dir='ltr'><strong>armato</strong></span> <span class='ocrx_word' id='word_1_50' title='bbox 368 1181 654 1279; x_wconf 80' lang='lat' dir='ltr'><strong>congredi</strong></span> <span class='ocrx_word' id='word_1_51' title='bbox 680 1182 884 1268; x_wconf 88' lang='lat' dir='ltr'><strong>pugile</strong></span> <span class='ocrx_word' id='word_1_52' title='bbox 907 1182 1134 1245; x_wconf 86' lang='lat' dir='ltr'><strong>debeat.</strong></span> <span class='ocrx_word' id='word_1_53' title='bbox 1180 1186 1406 1246; x_wconf 87' lang='lat' dir='ltr'><strong>Contra</strong></span> <span class='ocrx_word' id='word_1_54' title='bbox 1439 1207 1581 1256; x_wconf 76' lang='lat' dir='ltr'><strong>eoS,</strong></span> <span class='ocrx_word' id='word_1_55' title='bbox 1619 1183 1717 1269; x_wconf 92' lang='lat' dir='ltr'><strong>qui</strong></span> <span class='ocrx_word' id='word_1_56' title='bbox 1749 1187 2027 1271; x_wconf 87' lang='lat' dir='ltr'><strong>majesta-</strong></span> 
     </span>
     <span class='ocr_line' id='line_1_9' title="bbox 107 1266 2024 1357; baseline 0.001 -27"><span class='ocrx_word' id='word_1_57' title='bbox 107 1266 188 1330; x_wconf 87' lang='lat' dir='ltr'><strong>tis</strong></span> <span class='ocrx_word' id='word_1_58' title='bbox 228 1268 538 1355; x_wconf 75' lang='lat' dir='ltr'><strong>postulati,</strong></span> <span class='ocrx_word' id='word_1_59' title='bbox 605 1279 708 1330; x_wconf 92' lang='lat' dir='ltr'><strong>aut</strong></span> <span class='ocrx_word' id='word_1_60' title='bbox 743 1266 947 1330; x_wconf 88' lang='lat' dir='ltr'><strong>hostes</strong></span> <span class='ocrx_word' id='word_1_61' title='bbox 995 1268 1209 1331; x_wconf 88' lang='lat' dir='ltr'><strong>salutis</strong></span> <span class='ocrx_word' id='word_1_62' title='bbox 1255 1268 1527 1357; x_wconf 88' lang='lat' dir='ltr'><strong>publicae</strong></span> <span class='ocrx_word' id='word_1_63' title='bbox 1569 1268 1820 1356; x_wconf 89' lang='lat' dir='ltr'><strong>judicati</strong></span> <span class='ocrx_word' id='word_1_64' title='bbox 1865 1281 2024 1345; x_wconf 86' lang='lat' dir='ltr'><strong>sunt,</strong></span> 
     </span>
     <span class='ocr_line' id='line_1_10' title="bbox 112 1354 1194 1441; baseline 0.001 -26"><span class='ocrx_word' id='word_1_65' title='bbox 112 1376 276 1416; x_wconf 90' lang='lat' dir='ltr'><strong>more</strong></span> <span class='ocrx_word' id='word_1_66' title='bbox 308 1356 607 1440; x_wconf 89' lang='lat' dir='ltr'><strong>Majorum</strong></span> <span class='ocrx_word' id='word_1_67' title='bbox 642 1354 944 1441; x_wconf 87' lang='lat' dir='ltr'><strong>posterius</strong></span> <span class='ocrx_word' id='word_1_68' title='bbox 987 1354 1194 1418; x_wconf 89' lang='lat' dir='ltr'><strong>tenuit.</strong></span> 
     </span>
    </p>
   </div>
   <div class='ocr_carea' id='block_1_3' title="bbox 0 1590 2022 1685">
    <p class='ocr_par' dir='ltr' id='par_1_6' title="bbox 0 1590 2022 1685">
     <span class='ocr_line' id='line_1_11' title="bbox 0 1590 2022 1685; baseline 0.001 -23"><span class='ocrx_word' id='word_1_69' title='bbox 0 1625 43 1685; x_wconf 57' lang='lat' dir='ltr'><strong>g</strong></span> <span class='ocrx_word' id='word_1_70' title='bbox 103 1600 226 1663; x_wconf 90' lang='grc' dir='ltr'><em>ΙΙΙ.</em></span> <span class='ocrx_word' id='word_1_71' title='bbox 273 1600 384 1662; x_wconf 86' lang='lat' dir='ltr'><strong>De</strong></span> <span class='ocrx_word' id='word_1_72' title='bbox 430 1602 652 1663; x_wconf 81' lang='lat' dir='ltr'><strong>rebus</strong></span> <span class='ocrx_word' id='word_1_73' title='bbox 700 1604 1064 1681; x_wconf 76' lang='lat' dir='ltr'><strong>judicatis</strong></span> <span class='ocrx_word' id='word_1_74' title='bbox 1117 1622 1512 1684; x_wconf 81' lang='lat' dir='ltr'><strong>earumque</strong></span> <span class='ocrx_word' id='word_1_75' title='bbox 1565 1590 2022 1664; x_wconf 73' lang='lat' dir='ltr'><strong>executione.</strong></span> 
     </span>
    </p>
   </div>
   <div class='ocr_carea' id='block_1_4' title="bbox 947 1794 1175 1870">
    <p class='ocr_par' dir='ltr' id='par_1_7' title="bbox 947 1794 1175 1870">
     <span class='ocr_line' id='line_1_12' title="bbox 947 1794 1175 1870; baseline -0.004 -17"><span class='ocrx_word' id='word_1_76' title='bbox 947 1794 989 1870; x_wconf 61' lang='grc' dir='ltr'><strong>ς</strong></span> <span class='ocrx_word' id='word_1_77' title='bbox 1036 1797 1175 1855; x_wconf 82' lang='grc'><strong>149.</strong></span> 
     </span>
    </p>
   </div>
   <div class='ocr_carea' id='block_1_5' title="bbox 709 1940 1417 2011">
    <p class='ocr_par' dir='ltr' id='par_1_8' title="bbox 709 1940 1417 2011">
     <span class='ocr_line' id='line_1_13' title="bbox 709 1940 1417 2011; baseline 0.001 -16"><span class='ocrx_word' id='word_1_78' title='bbox 709 1963 850 2011; x_wconf 88' lang='lat' dir='ltr'><strong>per</strong></span> <span class='ocrx_word' id='word_1_79' title='bbox 914 1940 1417 1997; x_wconf 54' lang='lat' dir='ltr'><strong>Pristaldffls</strong></span> 
     </span>
    </p>
   </div>
   <div class='ocr_carea' id='block_1_6' title="bbox 37 2093 2028 3039">
    <p class='ocr_par' dir='ltr' id='par_1_9' title="bbox 0 2093 2024 2353">
     <span class='ocr_line' id='line_1_14' title="bbox 269 2093 2024 2160; baseline 0 -2"><span class='ocrx_word' id='word_1_80' title='bbox 269 2097 423 2158; x_wconf 89' lang='lat' dir='ltr'><strong>Jure</strong></span> <span class='ocrx_word' id='word_1_81' title='bbox 463 2093 872 2158; x_wconf 88' lang='lat' dir='ltr'><strong>vetustissimo</strong></span> <span class='ocrx_word' id='word_1_82' title='bbox 908 2096 1319 2158; x_wconf 84' lang='lat' dir='ltr'><strong>controversia</strong></span> <span class='ocrx_word' id='word_1_83' title='bbox 1355 2095 1427 2158; x_wconf 89' lang='lat' dir='ltr'><strong>ad</strong></span> <span class='ocrx_word' id='word_1_84' title='bbox 1462 2095 1734 2160; x_wconf 90' lang='lat' dir='ltr'><strong>Judicem</strong></span> <span class='ocrx_word' id='word_1_85' title='bbox 1773 2097 2024 2160; x_wconf 89' lang='lat' dir='ltr'><strong>deducta</strong></span> 
     </span>
     <span class='ocr_line' id='line_1_15' title="bbox 100 2179 2020 2267; baseline 0 -24.95"><span class='ocrx_word' id='word_1_86' title='bbox 100 2183 339 2257; x_wconf 81' lang='lat' dir='ltr'><strong>ParteS,</strong></span> <span class='ocrx_word' id='word_1_87' title='bbox 373 2181 486 2243; x_wconf 92' lang='lat' dir='ltr'><strong>etsi</strong></span> <span class='ocrx_word' id='word_1_88' title='bbox 518 2179 769 2242; x_wconf 84' lang='lat' dir='ltr'><strong>maxime</strong></span> <span class='ocrx_word' id='word_1_89' title='bbox 802 2180 1039 2257; x_wconf 89' lang='lat' dir='ltr'><strong>vellent,</strong></span> <span class='ocrx_word' id='word_1_90' title='bbox 1069 2181 1200 2244; x_wconf 89' lang='lat' dir='ltr'><strong>sine</strong></span> <span class='ocrx_word' id='word_1_91' title='bbox 1231 2181 1470 2244; x_wconf 90' lang='lat' dir='ltr'><strong>licentia</strong></span> <span class='ocrx_word' id='word_1_92' title='bbox 1495 2185 1624 2267; x_wconf 89' lang='lat' dir='ltr'><strong>ejus</strong></span> <span class='ocrx_word' id='word_1_93' title='bbox 1655 2182 1858 2244; x_wconf 88' lang='lat' dir='ltr'><strong>amicis</strong></span> <span class='ocrx_word' id='word_1_94' title='bbox 1884 2205 2020 2245; x_wconf 84' lang='lat' dir='ltr'><strong>con-</strong></span> 
     </span>
     <span class='ocr_line' id='line_1_16' title="bbox 96 2264 2018 2353; baseline 0.001 -25.857"><span class='ocrx_word' id='word_1_95' title='bbox 96 2265 299 2329; x_wconf 86' lang='lat' dir='ltr'><strong>venire</strong></span> <span class='ocrx_word' id='word_1_96' title='bbox 334 2266 526 2353; x_wconf 91' lang='lat' dir='ltr'><strong>pactis</strong></span> <span class='ocrx_word' id='word_1_97' title='bbox 561 2265 898 2351; x_wconf 85' lang='lat' dir='ltr'><strong>nequibant.</strong></span> <span class='ocrx_word' id='word_1_98' title='bbox 946 2264 1117 2342; x_wconf 85' lang='lat' dir='ltr'><strong>Quod</strong></span> <span class='ocrx_word' id='word_1_99' title='bbox 1151 2289 1283 2328; x_wconf 91' lang='lat' dir='ltr'><strong>cum</strong></span> <span class='ocrx_word' id='word_1_100' title='bbox 1313 2266 1384 2329; x_wconf 92' lang='lat' dir='ltr'><strong>de</strong></span> <span class='ocrx_word' id='word_1_101' title='bbox 1414 2267 1596 2329; x_wconf 86' lang='lat' dir='ltr'><strong>Curia</strong></span> <span class='ocrx_word' id='word_1_102' title='bbox 1633 2290 1864 2352; x_wconf 87' lang='lat' dir='ltr'><strong>quoque</strong></span> <span class='ocrx_word' id='word_1_103' title='bbox 1905 2271 2018 2330; x_wconf 90' lang='lat' dir='ltr'><strong>Re-</strong></span> 
     </span>
    </p>

    <p class='ocr_par' dir='ltr' id='par_1_10' title="bbox 46 2351 2028 2610">
     <span class='ocr_line' id='line_1_17' title="bbox 46 2351 2020 2439; baseline 0.001 -26"><span class='ocrx_word' id='word_1_104' title='bbox 46 2392 50 2394; x_wconf 25' lang='lat'><em>*</em></span> <span class='ocrx_word' id='word_1_105' title='bbox 99 2351 197 2438; x_wconf 88' lang='lat' dir='ltr'><strong>gis</strong></span> <span class='ocrx_word' id='word_1_106' title='bbox 240 2351 322 2416; x_wconf 90' lang='lat' dir='ltr'><strong>ita</strong></span> <span class='ocrx_word' id='word_1_107' title='bbox 373 2351 804 2439; x_wconf 80' lang='lat' dir='ltr'><strong>acceperimuS,</strong></span> <span class='ocrx_word' id='word_1_108' title='bbox 863 2373 1100 2428; x_wconf 88' lang='lat' dir='ltr'><strong>vereor,</strong></span> <span class='ocrx_word' id='word_1_109' title='bbox 1163 2376 1237 2414; x_wconf 92' lang='lat' dir='ltr'><strong>ne</strong></span> <span class='ocrx_word' id='word_1_110' title='bbox 1283 2352 1799 2429; x_wconf 82' lang='lat' dir='ltr'><strong>consuetudinem,</strong></span> <span class='ocrx_word' id='word_1_111' title='bbox 1869 2376 2020 2438; x_wconf 85' lang='lat' dir='ltr'><strong>quae</strong></span> 
     </span>
     <span class='ocr_line' id='line_1_18' title="bbox 98 2435 2028 2525; baseline -0.001 -25"><span class='ocrx_word' id='word_1_112' title='bbox 98 2450 219 2500; x_wconf 90' lang='lat' dir='ltr'><strong>tam</strong></span> <span class='ocrx_word' id='word_1_113' title='bbox 243 2461 425 2525; x_wconf 85' lang='lat' dir='ltr'><strong>prope</strong></span> <span class='ocrx_word' id='word_1_114' title='bbox 448 2438 620 2502; x_wconf 87' lang='lat' dir='ltr'><strong>abest</strong></span> <span class='ocrx_word' id='word_1_115' title='bbox 643 2460 677 2498; x_wconf 92' lang='lat' dir='ltr'><strong>a</strong></span> <span class='ocrx_word' id='word_1_116' title='bbox 698 2436 1037 2523; x_wconf 86' lang='lat' dir='ltr'><strong>suspicione</strong></span> <span class='ocrx_word' id='word_1_117' title='bbox 1066 2435 1370 2514; x_wconf 86' lang='lat' dir='ltr'><strong>avaritiae,</strong></span> <span class='ocrx_word' id='word_1_118' title='bbox 1401 2462 1518 2501; x_wconf 90' lang='lat' dir='ltr'><strong>non</strong></span> <span class='ocrx_word' id='word_1_119' title='bbox 1540 2437 1749 2501; x_wconf 90' lang='lat' dir='ltr'><strong>idoneo</strong></span> <span class='ocrx_word' id='word_1_120' title='bbox 1772 2440 1900 2502; x_wconf 94' lang='lat' dir='ltr'><strong>loco</strong></span> <span class='ocrx_word' id='word_1_121' title='bbox 1926 2461 2028 2511; x_wconf 45' lang='lat' dir='ltr'><strong>ref</strong></span> 
     </span>
     <span class='ocr_line' id='line_1_19' title="bbox 103 2521 2018 2610; baseline 0.001 -26"><span class='ocrx_word' id='word_1_122' title='bbox 103 2523 304 2587; x_wconf 84' lang='lat' dir='ltr'><strong>feram.</strong></span> <span class='ocrx_word' id='word_1_123' title='bbox 363 2521 485 2586; x_wconf 86' lang='lat' dir='ltr'><strong>Sed</strong></span> <span class='ocrx_word' id='word_1_124' title='bbox 538 2526 870 2608; x_wconf 87' lang='lat' dir='ltr'><strong>Regestum</strong></span> <span class='ocrx_word' id='word_1_125' title='bbox 911 2522 1314 2601; x_wconf 87' lang='lat' dir='ltr'><strong>Varadiense,</strong></span> <span class='ocrx_word' id='word_1_126' title='bbox 1372 2527 1539 2610; x_wconf 88' lang='lat' dir='ltr'><strong>cujus</strong></span> <span class='ocrx_word' id='word_1_127' title='bbox 1575 2536 1771 2587; x_wconf 85' lang='lat' dir='ltr'><strong>aetate</strong></span> <span class='ocrx_word' id='word_1_128' title='bbox 1805 2547 2018 2586; x_wconf 88' lang='lat' dir='ltr'><strong>causae</strong></span> 
     </span>
    </p>

    <p class='ocr_par' dir='ltr' id='par_1_11' title="bbox 37 2608 2017 3039">
     <span class='ocr_line' id='line_1_20' title="bbox 37 2608 2017 2697; baseline -0.001 -25"><span class='ocrx_word' id='word_1_129' title='bbox 37 2679 39 2683; x_wconf 22' lang='lat'><strong><em>¹</em></strong></span> <span class='ocrx_word' id='word_1_130' title='bbox 96 2634 171 2672; x_wconf 82' lang='lat' dir='ltr'><strong>ex</strong></span> <span class='ocrx_word' id='word_1_131' title='bbox 210 2609 507 2697; x_wconf 89' lang='lat' dir='ltr'><strong>primaevo</strong></span> <span class='ocrx_word' id='word_1_132' title='bbox 546 2608 771 2672; x_wconf 85' lang='lat' dir='ltr'><strong>forensi</strong></span> <span class='ocrx_word' id='word_1_133' title='bbox 813 2608 1150 2694; x_wconf 84' lang='lat' dir='ltr'><strong>agebantur</strong></span> <span class='ocrx_word' id='word_1_134' title='bbox 1190 2632 1332 2685; x_wconf 88' lang='lat' dir='ltr'><strong>usu,</strong></span> <span class='ocrx_word' id='word_1_135' title='bbox 1396 2609 1872 2696; x_wconf 88' lang='lat' dir='ltr'><strong>deprecationum</strong></span> <span class='ocrx_word' id='word_1_136' title='bbox 1911 2608 2017 2680; x_wconf 83' lang='lat' dir='ltr'><strong>hu-</strong></span> 
     </span>
     <span class='ocr_line' id='line_1_21' title="bbox 87 2694 2016 2783; baseline -0.001 -26"><span class='ocrx_word' id='word_1_137' title='bbox 87 2694 351 2783; x_wconf 87' lang='lat' dir='ltr'><strong>jusmodi</strong></span> <span class='ocrx_word' id='word_1_138' title='bbox 377 2695 614 2782; x_wconf 90' lang='lat' dir='ltr'><strong>plenum</strong></span> <span class='ocrx_word' id='word_1_139' title='bbox 653 2707 762 2757; x_wconf 87' lang='lat' dir='ltr'><strong>est.</strong></span> <span class='ocrx_word' id='word_1_140' title='bbox 807 2701 853 2770; x_wconf 78' lang='lat'><strong>1)</strong></span> <span class='ocrx_word' id='word_1_141' title='bbox 913 2697 1261 2758; x_wconf 85' lang='lat' dir='ltr'><strong>Sententias</strong></span> <span class='ocrx_word' id='word_1_142' title='bbox 1312 2695 1528 2758; x_wconf 88' lang='lat' dir='ltr'><strong>Curiae</strong></span> <span class='ocrx_word' id='word_1_143' title='bbox 1571 2696 1798 2781; x_wconf 88' lang='lat' dir='ltr'><strong>Regiae</strong></span> <span class='ocrx_word' id='word_1_144' title='bbox 1846 2695 2016 2759; x_wconf 85' lang='lat' dir='ltr'><strong>Judi-</strong></span> 
     </span>
     <span class='ocr_line' id='line_1_22' title="bbox 93 2780 2016 2868; baseline -0.001 -24"><span class='ocrx_word' id='word_1_145' title='bbox 93 2804 342 2868; x_wconf 88' lang='lat' dir='ltr'><strong>cumque</strong></span> <span class='ocrx_word' id='word_1_146' title='bbox 372 2780 620 2844; x_wconf 89' lang='lat' dir='ltr'><strong>aliorum</strong></span> <span class='ocrx_word' id='word_1_147' title='bbox 653 2782 866 2866; x_wconf 84' lang='lat' dir='ltr'><strong>exequi</strong></span> <span class='ocrx_word' id='word_1_148' title='bbox 899 2780 1334 2844; x_wconf 89' lang='lat' dir='ltr'><strong>Pristaldorum</strong></span> <span class='ocrx_word' id='word_1_149' title='bbox 1366 2794 1494 2844; x_wconf 89' lang='lat' dir='ltr'><strong>erat</strong></span> <span class='ocrx_word' id='word_1_150' title='bbox 1526 2782 1847 2867; x_wconf 90' lang='lat' dir='ltr'><strong>negotium.</strong></span> <span class='ocrx_word' id='word_1_151' title='bbox 1884 2784 2016 2843; x_wconf 86' lang='lat' dir='ltr'><strong>No-</strong></span> 
     </span>
     <span class='ocr_line' id='line_1_23' title="bbox 91 2866 2014 2953; baseline 0 -24"><span class='ocrx_word' id='word_1_152' title='bbox 91 2889 224 2930; x_wconf 89' lang='lat' dir='ltr'><strong>men</strong></span> <span class='ocrx_word' id='word_1_153' title='bbox 286 2867 340 2931; x_wconf 85' lang='lat' dir='ltr'><strong>si</strong></span> <span class='ocrx_word' id='word_1_154' title='bbox 391 2892 464 2931; x_wconf 85' lang='lat' dir='ltr'><strong>ex</strong></span> <span class='ocrx_word' id='word_1_155' title='bbox 514 2879 842 2953; x_wconf 84' lang='lat' dir='ltr'><strong>perestar</strong></span> <span class='ocrx_word' id='word_1_156' title='bbox 897 2866 1162 2953; x_wconf 90' lang='lat' dir='ltr'><strong>persico,</strong></span> <span class='ocrx_word' id='word_1_157' title='bbox 1231 2867 1386 2953; x_wconf 91' lang='lat' dir='ltr'><strong>quod</strong></span> <span class='ocrx_word' id='word_1_158' title='bbox 1441 2866 1778 2929; x_wconf 90' lang='lat' dir='ltr'><strong>ministrum</strong></span> <span class='ocrx_word' id='word_1_159' title='bbox 1829 2879 2014 2943; x_wconf 91' lang='lat' dir='ltr'><strong>notat,</strong></span> 
     </span>
     <span class='ocr_line' id='line_1_24' title="bbox 91 2951 2014 3039; baseline -0.002 -23"><span class='ocrx_word' id='word_1_160' title='bbox 91 2960 461 3032; x_wconf 74' lang='lat' dir='ltr'><strong>arcessaS,2)</strong></span> <span class='ocrx_word' id='word_1_161' title='bbox 495 2951 950 3039; x_wconf 85' lang='lat' dir='ltr'><strong>nonecquidem</strong></span> <span class='ocrx_word' id='word_1_162' title='bbox 983 2952 1351 3027; x_wconf 88' lang='lat' dir='ltr'><strong>obluctabor;</strong></span> <span class='ocrx_word' id='word_1_163' title='bbox 1399 2977 1601 3017; x_wconf 91' lang='lat' dir='ltr'><strong>eorum</strong></span> <span class='ocrx_word' id='word_1_164' title='bbox 1652 2966 1848 3016; x_wconf 91' lang='lat' dir='ltr'><strong>tamen</strong></span> <span class='ocrx_word' id='word_1_165' title='bbox 1883 2976 2014 3038; x_wconf 86' lang='lat' dir='ltr'><strong>pro-</strong></span> 
     </span>
    </p>
   </div>
   <div class='ocr_carea' id='block_1_7' title="bbox 89 3163 2037 3492">
    <p class='ocr_par' dir='ltr' id='par_1_12' title="bbox 89 3163 2014 3407">
     <span class='ocr_line' id='line_1_25' title="bbox 228 3163 2010 3235; baseline -0.002 -17"><span class='ocrx_word' id='word_1_166' title='bbox 228 3171 270 3230; x_wconf 85' lang='lat' dir='ltr'><strong>l)</strong></span> <span class='ocrx_word' id='word_1_167' title='bbox 315 3169 493 3218; x_wconf 88' lang='lat' dir='ltr'><strong>Recole</strong></span> <span class='ocrx_word' id='word_1_168' title='bbox 526 3169 645 3235; x_wconf 84' lang='lat' dir='ltr'><strong>Reg.</strong></span> <span class='ocrx_word' id='word_1_169' title='bbox 683 3171 790 3221; x_wconf 83' lang='lat' dir='ltr'><strong>Var.</strong></span> <span class='ocrx_word' id='word_1_170' title='bbox 828 3187 878 3221; x_wconf 90' lang='lat' dir='ltr'><strong>n.</strong></span> <span class='ocrx_word' id='word_1_171' title='bbox 910 3167 1008 3233; x_wconf 83' lang='lat'><strong>23,</strong></span> <span class='ocrx_word' id='word_1_172' title='bbox 1052 3169 1149 3230; x_wconf 87' lang='grc'><strong>26,</strong></span> <span class='ocrx_word' id='word_1_173' title='bbox 1189 3168 1326 3232; x_wconf 80' lang='lat'><strong>125,</strong></span> <span class='ocrx_word' id='word_1_174' title='bbox 1362 3167 1501 3229; x_wconf 89' lang='grc'>322,</span> <span class='ocrx_word' id='word_1_175' title='bbox 1539 3163 1656 3220; x_wconf 65' lang='lat'><strong>342</strong></span> <span class='ocrx_word' id='word_1_176' title='bbox 1679 3175 1772 3218; x_wconf 83' lang='lat' dir='ltr'><strong>cet.</strong></span> <span class='ocrx_word' id='word_1_177' title='bbox 1807 3167 1861 3215; x_wconf 90' lang='lat' dir='ltr'><strong>ln</strong></span> <span class='ocrx_word' id='word_1_178' title='bbox 1883 3167 2010 3231; x_wconf 88' lang='lat' dir='ltr'><strong>supl.</strong></span> 
     </span>
     <span class='ocr_line' id='line_1_26' title="bbox 89 3251 2014 3321; baseline -0.002 -18"><span class='ocrx_word' id='word_1_179' title='bbox 89 3255 149 3303; x_wconf 85' lang='lat' dir='ltr'><strong>ad</strong></span> <span class='ocrx_word' id='word_1_180' title='bbox 180 3253 314 3303; x_wconf 85' lang='lat' dir='ltr'><strong>Anal.</strong></span> <span class='ocrx_word' id='word_1_181' title='bbox 349 3254 492 3319; x_wconf 89' lang='lat' dir='ltr'><strong>Scep.</strong></span> <span class='ocrx_word' id='word_1_182' title='bbox 539 3271 588 3320; x_wconf 89' lang='lat' dir='ltr'><strong>p.</strong></span> <span class='ocrx_word' id='word_1_183' title='bbox 629 3254 745 3307; x_wconf 88' lang='lat'><strong>107</strong></span> <span class='ocrx_word' id='word_1_184' title='bbox 786 3257 951 3306; x_wconf 86' lang='lat' dir='ltr'><strong>arbitri</strong></span> <span class='ocrx_word' id='word_1_185' title='bbox 983 3273 1040 3306; x_wconf 88' lang='lat' dir='ltr'><strong>ex</strong></span> <span class='ocrx_word' id='word_1_186' title='bbox 1081 3271 1328 3306; x_wconf 88' lang='lat' dir='ltr'><strong>consensu</strong></span> <span class='ocrx_word' id='word_1_187' title='bbox 1361 3263 1408 3306; x_wconf 86' lang='lat' dir='ltr'><strong>et</strong></span> <span class='ocrx_word' id='word_1_188' title='bbox 1437 3253 1760 3321; x_wconf 84' lang='lat' dir='ltr'><strong>permissione</strong></span> <span class='ocrx_word' id='word_1_189' title='bbox 1799 3251 2014 3301; x_wconf 86' lang='lat' dir='ltr'><strong>Michae-</strong></span> 
     </span>
     <span class='ocr_line' id='line_1_27' title="bbox 90 3339 1026 3407; baseline 0.003 -19"><span class='ocrx_word' id='word_1_190' title='bbox 90 3339 148 3389; x_wconf 91' lang='lat' dir='ltr'><strong>lis</strong></span> <span class='ocrx_word' id='word_1_191' title='bbox 182 3339 387 3389; x_wconf 87' lang='lat' dir='ltr'><strong>Comitis</strong></span> <span class='ocrx_word' id='word_1_192' title='bbox 420 3339 761 3405; x_wconf 90' lang='lat' dir='ltr'><strong>Scepusiensis</strong></span> <span class='ocrx_word' id='word_1_193' title='bbox 793 3342 1026 3407; x_wconf 86' lang='lat' dir='ltr'><strong>deputati.</strong></span> 
     </span>
    </p>

    <p class='ocr_par' dir='ltr' id='par_1_13' title="bbox 223 3421 2037 3492">
     <span class='ocr_line' id='line_1_28' title="bbox 223 3421 2037 3492; baseline 0 -19"><span class='ocrx_word' id='word_1_194' title='bbox 223 3421 273 3492; x_wconf 82' lang='lat'><strong>2)</strong></span> <span class='ocrx_word' id='word_1_195' title='bbox 319 3425 388 3474; x_wconf 90' lang='lat' dir='ltr'><strong>De</strong></span> <span class='ocrx_word' id='word_1_196' title='bbox 420 3431 579 3490; x_wconf 84' lang='lat' dir='ltr'><strong>etymo</strong></span> <span class='ocrx_word' id='word_1_197' title='bbox 610 3427 742 3478; x_wconf 86' lang='lat' dir='ltr'><strong>vocis</strong></span> <span class='ocrx_word' id='word_1_198' title='bbox 774 3427 1028 3491; x_wconf 85' lang='lat' dir='ltr'><strong>diligenter</strong></span> <span class='ocrx_word' id='word_1_199' title='bbox 1058 3426 1250 3477; x_wconf 85' lang='lat' dir='ltr'><strong>disserit</strong></span> <span class='ocrx_word' id='word_1_200' title='bbox 1303 3426 1464 3490; x_wconf 72' lang='lat' dir='ltr'><strong>Kallay</strong></span> <span class='ocrx_word' id='word_1_201' title='bbox 1482 3424 1530 3474; x_wconf 91' lang='lat' dir='ltr'><strong>in</strong></span> <span class='ocrx_word' id='word_1_202' title='bbox 1556 3424 1898 3489; x_wconf 71' lang='lat' dir='ltr'><strong>Tudomanyos</strong></span> <span class='ocrx_word' id='word_1_203' title='bbox 1920 3427 2037 3473; x_wconf 52' lang='lat' dir='ltr'><strong>tar(</strong></span> 
     </span>
    </p>
   </div>
   <div class='ocr_carea' id='block_1_8' title="bbox 89 3503 517 3564">
    <p class='ocr_par' dir='ltr' id='par_1_14' title="bbox 89 3503 517 3564">
     <span class='ocr_line' id='line_1_29' title="bbox 89 3503 517 3564; baseline 0 -6"><span class='ocrx_word' id='word_1_204' title='bbox 89 3503 180 3560; x_wconf 68' lang='lat' dir='ltr'><strong>&#39;voL</strong></span> <span class='ocrx_word' id='word_1_205' title='bbox 223 3507 273 3564; x_wconf 82' lang='lat'><strong>1.</strong></span> <span class='ocrx_word' id='word_1_206' title='bbox 309 3511 426 3562; x_wconf 86' lang='lat' dir='ltr'><strong>sasc.</strong></span> <span class='ocrx_word' id='word_1_207' title='bbox 467 3508 517 3559; x_wconf 88' lang='lat'><strong>1.</strong></span> 
     </span>
    </p>
   </div>
  </div>
 </body>
</html>
