2384 3886
1875 214 2000 272 317

1562 272 1576 290 Ι

91 354 224 430 rati,
250 352 356 417 sed
387 355 500 418 viri
518 356 695 419 etiam
719 354 873 418 docti
895 355 1164 417 nonnulli
1195 354 1484 432 dubitant,
1521 378 1650 419 com
1691 356 2001 441 lacentque

91 439 205 502 sihi
226 442 288 501 in
314 441 533 518 causiS‚
572 465 720 534 quas
749 462 949 503 euram
978 440 1237 526 penitius
1263 440 1612 528 inspiciendi
1666 439 1778 503 ibri
1800 464 2003 528 asper-

89 537 325 602 nanteS‚
355 550 462 613 pro
486 550 596 589 suo
627 526 874 612 quisque
899 524 1160 609 ingenio,
1194 526 1507 612 studioque
1533 526 1801 590 diversas
1835 550 2003 614 prae-

0 611 24 645 ³s
91 623 350 674 struunt.
383 615 504 674 Res
534 613 687 673 enim
721 612 901 696 longa
941 611 1186 673 affectae
1226 624 1419 674 aetate
1445 612 1674 674 facilius
1707 615 1893 699 premi
1916 634 2003 689 se,

91 719 264 781 quam
282 696 527 759 tractari
549 699 871 784 patiuntur,
901 719 1138 782 easque,
1163 697 1516 781 praesertim
1537 698 1590 759 si
1607 698 1852 761 solertia
1874 722 2004 760 ver-

0 791 26 881 ξ
89 781 299 844 borum
342 779 527 857 adsit,
586 781 966 869 impugnare,
1009 804 1182 867 quam
1217 805 1252 843 a
1282 782 1586 844 veteribus
1612 782 1801 846 literis
1830 786 2006 870 inope

0 887 19 914 θ
86 864 199 928 hoc
233 866 461 929 demum
485 891 657 943 aevo,
719 890 754 929 a
788 866 1004 954 duplici
1046 879 1105 930 et
1152 880 1482 954 temporum
1527 879 1586 930 et
1629 868 2007 953 ingeniorum

4 953 11 1003 ἶ
87 951 301 1037 injuria
342 951 453 1014 hac
500 952 801 1016 vindicare
850 953 1043 1016 minus
1083 952 1310 1016 arduus
1350 952 1519 1015 labor
1551 965 1660 1016 est.

477 1125 595 1188 De
635 1127 1629 1207 potestatejudiciaria.

933 1259 975 1335 §
1023 1260 1161 1316 118.

351 1381 588 1430 Summa
631 1381 848 1446 capitis
884 1381 923 1430 Ι.
973 1381 1005 1430 l.
1052 1378 1103 1430 1.
1150 1380 1317 1430 Decr.
1357 1395 1398 1429 S.
1439 1380 1740 1444 Stephani.

0 1557 10 1562 λ,
260 1483 605 1571 Stephanus
654 1485 715 1547 in
756 1509 866 1548 suo
892 1485 987 1548 vad
1021 1484 1204 1547 filium
1244 1484 1442 1548 libello
1474 1485 1721 1571 duplicis
1763 1484 2008 1570 generis

58 1590 405 1649 *causarum
450 1571 730 1634 meminit.
788 1572 963 1634 Alias
1009 1593 1176 1648 esse,
1237 1593 1385 1656 quas
1421 1573 1648 1656 Regem
1682 1593 1789 1657 per
1816 1594 1882 1633 se
1912 1594 2009 1633 oo-

0 1661 3 1664 ’
89 1679 381 1742 gnoscere
428 1656 771 1732 conveniat3
840 1656 1023 1733 aliaS,
1085 1680 1159 1720 ne
1208 1656 1535 1719 auctoritas
1599 1663 1730 1739 ejus
1772 1655 2010 1719 inferio-

0 1789 4 1821 s
88 1765 222 1804 rum·
261 1743 633 1828 negotiorum
662 1742 1049 1833 usurpatione
1084 1742 1363 1818 vilescat,
1410 1741 1726 1805 Judicihus
1755 1742 1829 1805 ad
1864 1741 2011 1805 haec

2 1832 4 1834 ’
89 1827 432 1975 (ἇοῐιεῐίωῐίᾶε,
482 1828 1107 1916 committi‘oportere,
1164 1827 1484 1891 secundum
1520 1827 1719 1913 legem
1763 1851 1931 1890 suam
1962 1835 2011 1908 ι)

130 1935 384 1976 ecernen
426 1937 510 1975 as.

2 2099 6 2103 ,
232 2035 277 2108 1)
325 2039 420 2088 Sua
467 2040 596 2088 enim
646 2040 776 2106 apud
828 2056 921 2090 nos
966 2055 1187 2106 quoque,
1245 2040 1314 2089 uti
1362 2039 1492 2104 apud
1538 2035 1755 2089 Francos
1802 2047 2007 2101 vetereS‚

0 2129 4 2185 ἐ
94 2121 284 2194 (Meyer
313 2141 360 2174 0.
396 2141 440 2174 c.
467 2125 524 2175 T.
555 2125 592 2174 Ι.
632 2142 682 2191 p.
718 2121 866 2195 195)
896 2125 1008 2192 jura
1039 2133 1088 2176 et
1121 2126 1254 2191 leges
1281 2114 1466 2192 populo
1495 2125 1671 2190 cuique
1703 2133 2007 2175 manserunt.

0 2239 5 2290 f

389 2287 436 2346 Ι.
510 2286 639 2347 De
701 2287 1016 2349 Foris
1066 2287 1724 2368 judiciariis.

766 2422 836 2477 A.
893 2420 1328 2477 Secularibus.

670 2548 715 2606 l.
771 2544 1066 2608 Curia
1118 2544 1434 2630 Regis,

903 2642 1168 2755 §na

494 2802 668 2853 Notio
708 2802 922 2852 Curiae
959 2816 1060 2850 seu
1095 2800 1391 2851 Auditorii
1431 2800 1614 2866 Regii.

17 2947 20 2983 3
266 2907 532 2971 Primum
554 2907 741 2994 igitur
760 2929 1166 2991 summumque
1189 2905 1450 2969 tribunal
1475 2918 1602 2969 erat
1619 2905 1828 2993 Regis,
1859 2905 2012 2992 quod

20 3020 53 3035 ⁶
97 2992 478 3057 Auditorium
525 2994 742 3080 Regis,
767 3001 810 3074 1)
869 2991 1192 3055 Audientia
1245 2993 1492 3078 Regalis
1521 2998 1570 3072 2)
1617 2991 2011 3079 specialisque

238 3123 280 3181 l)
325 3120 418 3170 Lit.
451 3119 501 3169 b.
534 3119 662 3169 Petri
695 3118 1014 3183 Quinqueecl.
1046 3124 1145 3167 tam
1178 3117 1245 3168 ab
1275 3118 1590 3169 Auditorio
1620 3125 1863 3168 nostrae
1892 3117 2014 3167 Ma·-

94 3205 366 3271 jestatiS‚
399 3219 641 3270 quamque
664 3221 690 3253 a
709 3203 894 3269 judicio
917 3203 1102 3253 Judicis
1135 3203 1308 3253 Curiae
1338 3211 1553 3254 nostrae.
1596 3204 1742 3253 Item:
1777 3203 1826 3252 in
1856 3203 2013 3253 nostri

102 3290 340 3342 Culminis
370 3289 696 3339 auditorio.

235 3379 282 3437 2)
330 3371 384 3426 S.
411 3375 529 3424 Lad.
555 3375 591 3424 l.·
620 3372 672 3425 1,.
706 3390 751 3423 c.
784 3370 876 3423 18.
904 3373 1060 3422 donec
1090 3373 1149 3422 de
1169 3374 1355 3440 justitia
1381 3373 1472 3423 sihi
1494 3373 1640 3434 illata,
1673 3373 1722 3422 in
1753 3373 2015 3423 Audien—

104 3462 183 3511 tia
222 3461 397 3526 Regis
437 3459 766 3509 declaraverit.
823 3458 1024 3523 Corrige
1060 3459 1221 3524 itaque
1259 3460 1542 3519 Peterfium,
1589 3459 1670 3523 qui
1707 3474 1888 3510 nomen
1918 3460 2014 3509 hoc

106 3547 334 3596 Senatum
367 3545 735 3595 Eclesiasticum
766 3544 1132 3607 interpretatur.
1192 3577 1194 3581 -
