2384 3886
1852 239 1975 298 135

9 425 11 428 ι
86 401 404 464 notumque
457 374 693 440 delibati
756 396 866 463 per
907 398 1015 437 nos
1061 389 1201 440 sunt
1245 378 1449 456 rivuli,
1496 379 1561 442 in.
1603 379 1777 442 unius
1819 381 1978 444 velut

84 462 234 527 alvei
288 462 528 550 copiam·
557 461 937 547 colligantur,
995 463 1166 546 eujus
1208 464 1509 548 speculum
1547 487 1676 528 eam
1713 465 1826 529 fide
1859 466 1978 528 sin-

83 548 386 613 cerissima
421 557 843 635 repraesentat.

24 827 33 841 ²·
117 809 172 868 1.
217 806 318 868 De
354 805 667 886 primitiva
710 806 884 885 apud
924 805 1278 886 Hunyaros
1325 807 1629 868 libertati-s·
1673 811 1939 871 notione.

932 994 974 1070 ς
1017 996 1116 1053 26.

749 1159 1047 1209 Axiomate
1097 1175 1297 1209 eorum

7 1405 10 1409 ,
244 1322 451 1387 Verba
471 1321 926 1408 Chronographi
947 1321 1168 1385 veteris
1194 1322 1346 1409 apud
1365 1322 1791 1386 Thuroczium:
1821 1323 1973 1386 unde

76 1409 136 1471 in
179 1408 325 1496 ipsis
367 1408 770 1494 (CapitaneiS,
814 1406 1173 1488 Praefectis)
1218 1408 1488 1470 venerari
1526 1421 1724 1495 potest
1764 1431 1974 1472 nomen

75 1493 382 1580 dignitatis
416 1494 559 1582 plus
595 1493 726 1556 aliis
759 1506 818 1557 et
850 1493 1173 1580 potentiae3
1219 1492 1546 1556 nobilitatis·
1575 1517 1716 1557 vero
1761 1518 1972 1580 aequa-

76 1579 239 1658 liter,
275 1585 327 1660 1)
367 1579 736 1643 Sententiam
776 1578 932 1665 legis
972 1577 1175 1666 hujus3
1221 1578 1529 1641 formulam
1569 1579 1797 1642 axioma
1815 1579 1972 1666 juris

75 1665 264 1728 nostri
299 1663 794 1728 consvetudinarii
822 1664 1295 1750 antiquissimum
1326 1663 1623 1752 exprimit:
1671 1689 1828 1742 „non
1849 1668 1970 1728 Do-

75 1750 364 1898 inlinomm
392 1773 738 1838 quemquam
763 1751 922 1838 pluS,
954 1773 1064 1814 neo
1093 1748 1400 1814 Nobilium
1432 1750 1626 1813 minus
1656 1749 1875 1815 habere
1901 1750 1973 1814 de

98 1834 114 1897 i
159 1846 409 1900 ertate.“
456 1843 508 1917 2)

208 2025 250 2085 1)
296 2023 447 2072 Thur.
486 2022 540 2072 P.
572 2022 634 2072 Π.
678 2039 722 2072 6.
758 2019 813 2072 9.

0 2158 3 2165 ,
203 2110 250 2169 2)
293 2108 504 2159 Verbooz
533 2107 588 2157 P.
620 2108 658 2158 Ι.
691 2108 765 2158 tit.
790 2106 845 2157 2.
877 2108 1030 2173 Atque
1060 2108 1181 2157 haec
1211 2121 1266 2156 ea
1297 2114 1389 2167 est,
1423 2122 1567 2172 quam
1600 2107 1720 2157 Cic.
1754 2121 1973 2171 „aequa-

0 2178 5 2204 'f
69 2193 250 2243 litatem
279 2210 368 2258 per
398 2193 640 2259 dignitatis
670 2199 986 2259 temperatam
1017 2192 1213 2259 gradus,
1246 2199 1685 2258 ornamentumque
1717 2191 1967 2241 Civitatis“

5 2302 8 2304 >
70 2285 231 2341 vocat;
264 2279 448 2328 Tacit.
473 2285 635 2329 autem
657 2295 747 2344 per
768 2278 911 2329 verba
929 2279 1108 2341 laudat,
1143 2294 1284 2340 „non
1302 2278 1481 2328 frustra
1499 2278 1706 2343 Majores
1725 2292 1838 2327 cum
1862 2277 1972 2340 dig-

6 2387 9 2391 ,
71 2364 271 2414 nitatem
314 2364 549 2415 Ordinum
587 2364 878 2426 dividerent,
927 2364 1199 2415 libertatem
1238 2364 1288 2413 in
1319 2363 1515 2414 comuni
1546 2363 1811 2428 posuisse“
1844 2362 1972 2412 anti—

39 2479 45 2483 „
73 2449 306 2514 quissima
335 2450 463 2515 apud
492 2450 715 2500 homines
745 2455 942 2500 nostros
973 2450 1137 2501 Status
1167 2449 1316 2499 civilis
1345 2449 1584 2509 conditio,
1620 2449 1679 2499 de
1709 2463 1802 2515 qua
1832 2463 1972 2513 agere

12 2595 15 2597 μ
72 2549 340 2599 perglmus.

932 2699 974 2776 ς
1017 2702 1114 2759 27.

840 2880 1211 2931 expressa,

242 3026 501 3089 Primam
543 3026 659 3092 cito
701 3027 895 3115 legem
926 3028 1102 3103 hanc;
1147 3049 1266 3091 non
1295 3026 1448 3114 quod
1487 3027 1545 3089 in
1569 3029 1880 3091 Conventu
1903 3023 1977 3086 ad

74 3114 196 3175 Zer
243 3112 491 3199 primum
534 3112 795 3192 condita,
856 3112 963 3177 sed
1019 3114 1156 3201 quia
1208 3114 1536 3177 clarissimo
1589 3110 1800 3174 indicio
1853 3122 1975 3172 est:

24 3230 25 3234 ,
75 3200 401 3283 Hungaros
436 3197 797 3281 Scytharum
826 3198 1120 3263 Abiorum
1162 3222 1298 3263 esse
1332 3211 1639 3287 poster08‚
1696 3196 1792 3282 qui
1838 3194 1937 3271 „li
1960 3233 1976 3239 -

76 3281 379 3347 bertatis
429 3281 691 3346 modico
745 3297 811 3348 et
864 3284 1140 3371 aequali
1189 3308 1322 3348 usu
1368 3281 1795 3371 principibus
1854 3278 1975 3342 hu-

78 3368 388 3432 miliores
438 3390 644 3455 pares
688 3368 996 3433 fecisse“
1044 3370 1197 3457 apud
1241 3370 1510 3434 Curtium
1562 3366 1889 3430 laudantur.
1927 3372 1975 3445 1)

214 3558 255 3617 ¹)
302 3538 437 3607 Curi.
477 3557 510 3606 l.
544 3556 602 3606 11.
643 3572 687 3606 c.
723 3553 776 3606 6.
819 3571 953 3606 num.
994 3552 1086 3604 11.
