2384 3886
1902 186 2024 244 295

124 326 299 414 phani
317 375 331 403 ,
384 350 498 414 qua
525 327 596 390 de
614 325 1031 390 Familiaribus
1061 327 1277 390 Curiae
1305 326 1692 389 Dominorum
1715 326 2034 424 Praefectis

112 411 451 488 constituit,
507 411 714 475 horum
750 424 815 474 ut
852 410 1255 473 testimonium
1294 412 1366 475 de
1407 412 1663 475 Domino
1713 411 2025 475 interfecto

0 520 4 528 ²
105 498 262 571 inter
291 498 554 561 Comites
586 497 931 585 recipiatur,
951 502 1004 575 4)
1050 497 1409 561 commodior
1439 497 1554 562 erit
1584 497 1644 560 in
1679 522 1745 562 re
1776 496 2024 585 judicia-

0 721 26 803 ii

0 870 8 909 Ξ,

106 582 195 644 ria
230 582 454 646 dicendi
490 584 672 645 locus,

234 771 282 828 ⁴)
314 768 346 816 l.
381 767 440 816 11.
483 782 590 832 cap.
630 764 728 815 50.

964 825 1010 982 ς
1053 909 1154 965 99.

401 1059 476 1109 De
515 1058 882 1109 Udvarnokis
920 1056 1295 1108 Eclesiarum
1336 1057 1705 1123 specialiter.

265 1208 595 1295 Episcopos
643 1205 992 1292 Hungariae
1039 1205 1325 1294 plurimos
1380 1219 1439 1269 et
1491 1205 1908 1292 Dapiserorum
1956 1219 2016 1268 et

95 1293 553 1371 pincernarum,
602 1304 662 1356 et
703 1305 1034 1356 ceterorum
1074 1292 1401 1356 officiorum
1443 1290 1779 1377 hujusmodi
1819 1291 2011 1374 Magi-

30 1430 33 1432 <
95 1391 255 1441 stros
296 1378 432 1442 olim
470 1377 782 1454 habuisse,
834 1401 952 1440 non
986 1390 1110 1453 est,
1165 1377 1320 1464 quod
1361 1376 1734 1440 asseveranti
1773 1376 2013 1461 Ignatio

95 1464 309 1527 Comiti
328 1464 398 1528 de
414 1463 718 1550 Batthyan
744 1487 1024 1563 opponas,
1057 1466 1299 1526 Posteri
1319 1462 1835 1538 Udvarnokorum,
1863 1484 2013 1546 quos

93 1547 144 1611 d.
171 1548 515 1636 Stephanus
537 1549 632 1612 his
650 1549 906 1626 addixu,
976 1548 1278 1636 primaeva
1322 1547 1655 1613 conditione
1700 1569 1809 1607 sua
1854 1546 2010 1609 frue-

90 1635 308 1698 bantur
355 1635 787 1714 diutissime31)
834 1657 1047 1697 nomen
1093 1635 1248 1697 enim
1293 1634 1487 1723 ipsum
1539 1631 2004 1697 'Udvarnoko-

90 1744 263 1797 rum,
312 1721 425 1784 alio
467 1720 649 1784 nihilo
683 1720 877 1782 minus
912 1719 1070 1795 miti,
1119 1733 1178 1783 et
1213 1720 1512 1807 aequitate
1546 1729 1873 1804 temperato
1909 1739 2007 1779 vo-

95 1806 333 1869 cabulo:
389 1805 995 1882 conditionalium,
1050 1805 1678 1890 libertinorumque
1722 1801 2011 1888 majoris

41 1963 45 1973 N
92 1891 388 1955 libertatis
417 1893 637 1955 sensim
669 1890 1090 1979 paullatimque
1118 1904 1539 1955 commutatum
1570 1913 1737 1965 esse,
1772 1911 1846 1950 ex
1878 1886 2007 1950 lite-

88 1977 173 2039 ris
199 1976 467 2040 Ladislai
494 1981 606 2040 IV.
645 1976 975 2063 intelligaS,
1025 1975 1098 2038 ad
1131 1978 1423 2041 Comitem
1463 1989 1522 2040 et
1561 1973 1859 2037 Curialem
1896 1974 2009 2034 Co-

89 2063 286 2125 mitem
313 2061 734 2127 Jaurinensem
759 2085 829 2124 ac
860 2061 1210 2126 collectores
1238 2076 1360 2131 tam
1386 2060 1788 2134 denariorum,
1836 2081 2006 2143 quam

87 2147 425 2211 victualium
467 2146 651 2223 datis,
707 2147 923 2234 quibus
966 2148 1185 2223 „etiam
1219 2164 1294 2211 ex
1325 2148 1612 2236 aprobata
1653 2142 1828 2229 regni
1872 2166 2008 2206 con-

87 2234 425 2310 suetudine,
473 2258 587 2319 qua
615 2234 772 2296 inter
805 2233 918 2295 alia
954 2232 1345 2297 Cathedrales
1387 2231 1660 2296 Eclesiae
1694 2252 1763 2291 ac
1797 2231 2007 2290 Mona-

90 2319 275 2382 steria
298 2320 472 2405 regni
499 2319 800 2395 fruuntur,
833 2318 1064 2393 annuit3
1092 2332 1158 2382 ut
1191 2317 1705 2383 conditionales
1739 2313 2006 2394 (horum)

88 2405 356 2492 populi,
404 2404 476 2467 ad
503 2405 783 2467 collectas
812 2403 1037 2489 Regias
1069 2404 1413 2468 dimidiam
1443 2404 1810 2466 collectam
1845 2397 2004 2476 dare,

87 2502 147 2553 et
171 2491 404 2553 solvere
426 2500 810 2563 teneantur;“
844 2489 1084 2576 propria
1111 2490 1291 2564 enim3
1320 2503 1387 2554 ut
1409 2490 1547 2553 alibi
1574 2483 2004 2561 adnotavimuS,

86 2576 516 2662 primaevorum
536 2575 684 2639 haec
708 2586 837 2639 erat
862 2574 1358 2639 Udvarnokorum
1376 2574 1703 2662 Regiorum
1729 2566 1999 2634 conditio

224 2765 264 2823 ¹)
311 2762 492 2812 Confer
522 2763 666 2813 etiam
700 2762 819 2828 Reg.
858 2763 1027 2812 Van-ad.
1062 2767 1110 2811 n.
1149 2757 1223 2811 80
1258 2767 1307 2810 et
1339 2757 1434 2811 88.

931 2961 974 3037 g
1021 2964 1158 3020 loo.

807 3113 886 3162 De
927 3113 1275 3164 Libertinis.

252 3259 494 3324 Liberis
548 3261 735 3324 Servi
785 3273 1161 3348 opponuntur
1206 3261 1262 3323 in
1311 3260 1727 3348 diplomatibus
1773 3259 1824 3323 d.
1863 3266 1999 3326 Ste-

0 3391 2 3396 ,
79 3344 285 3444 pbani,
340 3346 438 3432 qui
480 3344 686 3409 horum
728 3345 877 3409 alios
919 3346 1284 3410 ministros
1326 3359 1524 3420 vocat3
1571 3346 1721 3409 alios
1748 3345 1809 3407 in
1839 3371 1998 3410 man-

81 3432 361 3518 cipiorum
387 3430 565 3495 habet
589 3455 850 3495 numero.
884 3435 1225 3518 Sequentes
1244 3438 1449 3519 Reges
1472 3456 1580 3519 pro
1607 3430 1893 3494 ministris
1918 3435 1992 3496 li-

0 3551 4 3612 3
82 3515 539 3595 bertinorum,
571 3517 1122 3604 libertorumque
1138 3516 1417 3582 adhibent
1434 3517 1742 3596 vocabula,
1765 3516 1992 3606 hosque
