2384 3886
378 153 500 210 118

1249 339 1289 413 ς
1337 341 1433 400 10.

1179 486 1247 537 de
1291 490 1503 549 tertio,

550 634 764 698 Tertia
796 634 956 720 pacti
982 633 1142 696 illius
1173 634 1430 698 conditio
1458 636 1543 697 ita
1566 633 1771 697 habet:
1805 635 2002 720 „quod
2038 636 2189 723 ipsi,
2222 637 2318 724 qui

382 746 494 785 sua
545 720 736 783 libera
783 719 1090 783 voluntate
1138 720 1383 781 Almum
1432 718 1801 807 (Arpadum)
1851 720 1968 782 sibi
1999 722 2321 784 Dominum

385 809 728 893 elegerunt,
769 817 829 867 et
857 804 962 866 filii
994 827 1197 867 eorum
1226 827 1528 890 nunquam
1550 829 1585 867 a
1626 804 1873 868 consilio
1902 805 2096 868 Ducis
2119 819 2180 871 et
2213 806 2318 870 ho-

383 916 529 956 nore
549 890 725 987 regni
753 888 987 952 omnino
1014 888 1456 975 privarentur.“
1491 893 1624 952 Hos
1651 889 1704 951 d.
1726 889 2074 977 Stephanus
2102 914 2150 953 c.
2175 894 2320 956 Vll.

384 977 520 1040 libri
548 975 724 1063 primi
752 977 1151 1037 Decretorum
1176 996 1418 1035 suorum
1437 1022 1452 1050 ,
1495 996 1608 1057 quo
1637 972 1751 1035 hoc
1778 973 1975 1061 ipsum
2005 998 2323 1061 argumen-

383 1076 511 1127 tum
551 1059 1003 1122 accuratissime
1057 1068 1420 1143 pertractat,
1478 1059 1797 1143 Majores
1844 1071 1912 1122 et
1960 1061 2323 1137 meliores,

387 1145 1022 1233 sapientioresque
1061 1164 1143 1203 ac
1174 1141 1739 1205 honestissimos
1772 1142 2100 1208 seniores
2134 1158 2325 1208 vocat.

386 1236 618 1295 Horum
665 1228 765 1289 alii
806 1250 914 1313 per
949 1249 1245 1304 summoS,
1294 1227 1510 1312 quibus
1549 1227 2077 1314 praeficiebantur,
2125 1229 2325 1315 Magi-

386 1327 637 1389 stratuS,
670 1315 908 1374 Ducum
940 1314 1296 1397 Regumque
1328 1312 1572 1387 fiebant,
1607 1311 1706 1374 alii
1731 1314 2138 1377 nascebantur
2171 1316 2327 1378 Con-

387 1398 627 1472 siliarii3
675 1395 833 1483 quod
866 1395 1235 1482 Optimatum
1266 1396 1479 1459 horum
1509 1396 1643 1474 filii,
1691 1409 1792 1459 aut
1826 1398 1903 1460 iis
1932 1398 2076 1462 editi
2114 1421 2328 1486 paren-

386 1484 551 1547 tibus
588 1493 826 1558 essent,
875 1482 974 1566 qui
1004 1482 1274 1567 exemplo
1302 1481 1611 1544 literarum
1634 1483 1819 1545 Belae
1847 1487 1960 1547 lV.
1995 1484 2328 1547 Comitibns

391 1569 465 1632 de
493 1566 723 1652 Veglia
761 1565 1197 1651 impertitarum
1220 1565 1334 1628 hoc
1355 1567 1556 1629 donati
1578 1569 1717 1651 jure
1757 1573 1805 1647 1)
1841 1581 1998 1631 sunt.
2044 1567 2329 1630 Familias

387 1650 728 1739 hujusmodi
756 1651 1013 1713 Carolus
1034 1651 1368 1728 Robertus,
1402 1653 1629 1736 primus
1662 1651 1806 1728 suit,
1854 1652 1954 1738 qui
1974 1653 2331 1739 apellatione

388 1742 530 1801 Bar
546 1759 771 1812 onum,
830 1758 937 1821 per
980 1734 1434 1820 sigismundum
1486 1758 1595 1821 pro
1625 1736 1952 1822 majoribus
2002 1737 2331 1801 Nobilibus

391 1835 638 1909 accepta
666 1820 965 1897 distinxit,
1001 1832 1068 1882 ut
1089 1843 1198 1882 suo
1218 1821 1349 1884 loco
1380 1820 1743 1894 videbimus3
1807 1845 1963 1885 nunc
2009 1823 2194 1901 enim,
2254 1845 2330 1886 ne

390 1931 493 1971 res
518 1920 656 1970 ante
681 1919 920 1990 tempus
945 1928 1120 1967 suum
1141 1926 1468 1992 properare
1488 1906 1641 1968 velle
1665 1905 1990 1984 videamur,
2023 1909 2119 1971 vel
2142 1930 2333 1995 pauca

394 1993 546 2058 haec
586 1990 876 2053 adtulisse
927 1989 1001 2052 ad
1039 1989 1217 2053 istam
1245 1992 1405 2077 pacti
1439 1991 1729 2076 primaevi
1772 1992 2167 2057 conditionem
2208 1992 2331 2055 suf-

393 2076 629 2154 fecerit,
677 2097 827 2161 quae
855 2074 990 2161 ipsa
1019 2098 1129 2160 per
1163 2081 1239 2138 se¹
1269 2075 1422 2138 satis
1459 2076 1620 2138 clare
1651 2076 1852 2156 docet:
1898 2078 2018 2140 vim
2057 2101 2229 2140 suam
2258 2077 2334 2141 ad

394 2171 928 2249 temperamentum
972 2160 1202 2222 delatae
1234 2160 1483 2246 Arpado
1523 2173 1584 2223 et
1621 2162 2080 2228 successoribus
2124 2186 2332 2249 supre-

394 2270 527 2310 mae
570 2244 922 2333 potestatiS,
954 2245 1168 2308 verbo:
1215 2244 1290 2308 ad
1325 2245 1659 2308 cautionem
1682 2247 2016 2333 pertinere,
2062 2271 2138 2312 ne
2163 2249 2333 2311 solus

399 2356 508 2394 suo
532 2332 663 2417 ipse
708 2330 1240 2416 Princepsomnia
1288 2342 1471 2408 nutu,
1517 2353 1847 2417 manuque,
1894 2332 2052 2419 quod
2095 2332 2333 2409 dicitur,

538 2516 581 2575 1)
627 2514 772 2563 Hunc
803 2513 949 2562 Belae
980 2514 1129 2578 Regis
1160 2514 1345 2564 Notarii
1375 2513 1541 2564 locum
1574 2521 1686 2564 ante
1719 2530 1773 2565 se
1803 2514 2000 2576 habuit,
2048 2515 2132 2581 qui
2164 2515 2338 2565 Comi-

399 2608 505 2650 tum
537 2599 597 2648 de
626 2598 788 2662 Veglia
818 2598 1123 2662 privilegium
1157 2599 1216 2648 de
1248 2614 1292 2648 a.
1332 2594 1491 2648 1263
1529 2596 1615 2666 (C.
1650 2600 1708 2649 D.
1743 2600 1819 2649 IV.
1854 2616 1899 2650 v.
1931 2596 1986 2650 3.
2019 2615 2071 2665 p.
2110 2597 2255 2662 109)
2286 2600 2337 2650 in

398 2686 523 2735 haec
565 2682 714 2732 verba
754 2683 1075 2747 conscripsit:
1130 2683 1435 2733 Fridericum
1479 2690 1528 2733 et
1571 2683 2005 2734 Bartholomaeum
2044 2684 2245 2735 Nobiles
2278 2685 2338 2735 de

400 2768 564 2832 Veglia
602 2782 874 2831 eorumque
907 2764 1147 2817 haeredes
1178 2774 1227 2817 et
1258 2783 1577 2818 successores
1607 2769 1890 2830 universoS‚
1931 2768 2174 2818 universis
2206 2768 2339 2834 juri-
2364 2799 2367 2803 »

401 2853 522 2911 him,
578 2851 771 2915 gratiiS‚
824 2866 881 2899 ac
923 2851 1196 2901 honoribus
1236 2858 1285 2901 et
1332 2852 1629 2901 solemnium
1677 2852 1956 2902 libertatum
2005 2853 2337 2903 illustrium

402 2937 722 2986 Primatum
764 2934 934 2999 regni
973 2934 1313 3000 Hungariac
1351 2936 1702 3000 praerogativis
1732 2935 1997 3001 participes
2029 2944 2078 2987 et
2109 2953 2339 2987 commu-

401 3037 492 3072 nes
531 3018 859 3079 instituimuS,
911 3025 960 3068 et
1000 3019 1206 3070 fecimus
1245 3026 1391 3084 atque
1427 3019 1478 3068 in
1511 3020 1819 3070 consortium
1851 3027 2131 3072 ceterorum
2163 3028 2213 3072 et
2241 3037 2341 3072 nu—

401 3118 595 3155 merum
633 3118 891 3163 vocamuS,
932 3103 1196 3169 locumque
1228 3105 1298 3153 eis
1334 3103 1392 3152 in
1424 3104 1618 3154 medio
1650 3105 1844 3154 nostri
1876 3105 2234 3168 ministerii,
2287 3106 2338 3155 in

405 3189 635 3249 consilio,
671 3187 1013 3247 conferendis,
1047 3188 1252 3253 insuper
1283 3188 1467 3238 eisdem
1500 3189 1628 3238 hanc
1659 3189 1898 3240 libertatis
1929 3190 2337 3260 praerogativam,

404 3282 458 3324 ut
495 3275 659 3324 nullus
703 3272 878 3322 Curiae
917 3278 965 3322 et
1006 3272 1143 3337 regni
1172 3273 1402 3323 Judicum
1433 3280 1517 3323 aut
1548 3274 1624 3323 alii
1655 3274 1793 3339 ipsos
1824 3274 1875 3324 in
1904 3289 2119 3341 persona
2148 3274 2224 3324 vel
2254 3289 2339 3324 re-

406 3359 498 3407 bus
541 3358 918 3422 quibuscunque
957 3372 1122 3406 coram
1156 3356 1343 3422 judicio
1384 3374 1474 3408 suo
1515 3359 1708 3409 adstare
1751 3359 1920 3421 saciat,
1971 3360 2134 3411 demta
2178 3358 2339 3409 solum

407 3443 603 3505 propria
634 3442 828 3505 Regalis
860 3442 1163 3493 celsitudinis
1195 3458 1423 3507 persona.
