2384 3886
390 222 470 277 84

1272 375 1458 466 §aa

948 539 1025 590 De
1057 539 1369 605 religione
1401 541 1770 591 Hunnorum.

564 687 921 750 Ammianus
959 688 1349 751 Marcellinus
1377 691 1663 766 HunnOS‚
1712 710 1862 773 quos
1900 686 2042 750 alibi
2089 692 2137 767 1]
2173 685 2332 758 Chu÷

393 796 503 835 nos
548 773 791 849 scribit,
839 771 1063 833 nullius
1099 772 1414 857 religionis
1445 774 1539 836 vel
1573 771 2022 859 superstitionis
2054 794 2347 854 rexserenffi
2376 782 2384 841 ’ζ

392 858 477 920 tia
513 857 828 943 aliquando
872 856 1180 919 districtos
1214 858 1453 933 asserit,
1500 881 1751 943 prorsus
1794 856 1867 919 ad
1904 881 2038 921 eum
2076 856 2333 932 modum,

388 943 477 1005 uti
520 942 743 1005 fratres
786 941 1247 1004 Praedicatores
1301 955 1500 1004 aetate
1538 943 1722 1004 Belae
1758 946 1870 1004 IV.
1911 941 1980 1004 ad
2021 941 2335 1026 exquiren-

395 1027 503 1089 das
550 1050 658 1112 per
705 1026 919 1089 Asiam
956 1030 1389 1111 Hungarorum
1430 1025 1607 1087 sedes
1644 1025 1815 1087 missi
1856 1026 1927 1089 de
1961 1026 2054 1088 his
2094 1048 2335 1088 asseve-

395 1124 548 1173 rant.
597 1119 648 1191 2)
723 1111 889 1173 Idem
943 1123 1142 1172 tamen
1193 1111 1265 1172 de
1316 1109 1538 1171 Alanis
1588 1109 1970 1187 disserendo,
2032 1110 2170 1171 dum
2222 1108 2335 1172 hos

394 1196 634 1258 Hunnis
693 1219 801 1280 per
861 1193 1057 1256 omnia
1094 1217 1421 1280 suppareS‚
1481 1218 1687 1257 verum
1736 1195 1901 1258 victu
1958 1195 2227 1258 mitiores
2276 1206 2336 1256 et

395 1282 559 1342 cultu
601 1280 818 1355 refert,
876 1278 1135 1341 admittit
1199 1280 1385 1341 ultro:
1429 1286 1481 1359 3)
1539 1279 1760 1342 Alanis
1797 1281 2156 1367 Hunnisque
2181 1302 2335 1342 com-

394 1386 631 1425 munem
668 1386 797 1426 eam
835 1363 1327 1426 consuetudinem
1358 1363 1578 1442 fuisse,
1625 1377 1692 1427 ut
1723 1362 1990 1450 gladium
2021 1364 2335 1435 barbarico

392 1450 512 1511 ritu
553 1448 716 1510 humi
746 1449 1007 1534 figerent
1045 1448 1266 1512 nudum
1295 1472 1719 1535 „earumque
1759 1453 2063 1512 Martem
2098 1448 2337 1535 regioss

400 1557 584 1610 num,
626 1556 798 1619 quas
830 1531 1092 1595 circum
1122 1534 1445 1597 circant“
1479 1534 1747 1621 (proprie
1780 1532 1896 1596 hoc
1927 1535 2194 1620 quidem3
2231 1532 2339 1615 sed

400 1619 711 1681 usitatius:
772 1616 1074 1695 obtinent„
1135 1619 1394 1704 degunt,
1456 1617 1731 1683 habitant
1779 1642 1955 1681 suum
1998 1619 2218 1706 igitur:
2263 1631 2332 1681 ut

398 1703 694 1789 originem
735 1702 1152 1790 appellationis
1203 1704 1613 1790 Magyarok
1666 1707 1912 1767 Istene
1965 1710 2334 1790 cognoscas)

395 1789 848 1863 Praesulem‚
909 1788 1384 1851 verecundius
1432 1790 1781 1866 colerent,
1830 1812 1950 1853 non
1999 1786 2335 1852 simulacris

398 1873 694 1959 aliquibus
749 1872 844 1935 vel
897 1873 1171 1959 templis3
1230 1875 1522 1937 communi
1569 1874 1723 1936 enim
1771 1897 1903 1936 cum
1943 1874 2164 1939 Persis
2215 1873 2338 1960 opi-

402 1958 607 2034 nione,
651 1965 704 2038 4)
760 1957 952 2019 omnia
994 1962 1128 2021 Deo
1163 1981 1273 2021 suo
1312 1959 1530 2022 debere
1569 1983 1706 2022 esse
1743 1959 2010 2046 patentia
2047 1983 2119 2022 ac
2149 1959 2340 2022 libera

400 2042 725 2105 credebant
751 2090 765 2118 ‚
838 2041 944 2104 sed
999 2043 1099 2105 illa
1150 2043 1465 2129 religionis
1519 2044 1891 2122 reverentia,
1955 2068 2073 2131 qua
2128 2043 2339 2107 deinde

397 2139 703 2213 repertum
750 2128 969 2190 Martis
1028 2128 1295 2213 gladium
1334 2129 1546 2191 Prisco
1594 2141 1751 2192 teste
1801 2129 2338 2216 prosequebantur.

398 2215 665 2274 Fuerant
711 2211 964 2298 denique
993 2235 1068 2274 ex
1100 2212 1196 2275 his
1232 2215 1466 2300 plures,
1515 2237 1662 2299 quos
1694 2214 1796 2276 ubi
1834 2215 2089 2300 primum
2120 2214 2182 2276 in
2216 2217 2339 2276 Da-

399 2297 547 2359 cia‘m
567 2297 881 2373 advenere,
921 2297 1227 2361 Theotimi
1250 2298 1565 2361 Pontificis
1602 2299 2057 2362 Tomitanorum
2095 2312 2156 2362 et
2187 2303 2339 2384 Scy*

403 2381 637 2443 tharum
677 2404 858 2467 opera
899 2383 1092 2445 sacris
1130 2382 1492 2446 Christianis
1538 2384 1832 2462 initiatos,
1880 2408 1954 2448 ex
2000 2388 2339 2448 Sozomeno

402 2479 460 2529 et
504 2466 556 2529 d.
594 2467 966 2550 Hyeronimo
1002 2468 1291 2531 novimus

538 2624 581 2682 1)
630 2622 738 2671 Lib.
779 2619 876 2672 31.
927 2638 1035 2687 cap.
1074 2620 1128 2672 8.
1177 2629 1206 2683 δ
1237 2619 1295 2673 [ι.

534 2709 581 2767 2)
626 2707 743 2775 Vide
774 2707 1063 2756 relationem
1096 2723 1267 2759 corum
1301 2711 1432 2774 apud
1463 2694 1786 2761 Desericium.

536 2792 582 2850 3)
631 2791 750 2856 Cap.
788 2790 843 2841 2.
890 2798 920 2851 ξ
956 2790 1050 2842 11.

535 2877 583 2934 ⁴)
632 2875 804 2925 Cicero
838 2877 897 2927 de
930 2877 1026 2925 LL.
1077 2878 1110 2926 l.
1150 2879 1211 2927 ΙΙ.
1264 2895 1308 2928 c.
1365 2878 1458 2930 10.

1277 3043 1319 3118 ς
1366 3046 1464 3100 21.

1059 3177 1136 3227 De
1171 3179 1354 3239 victu,
1400 3180 1687 3245 cultuque

573 3323 850 3386 Priscum
890 3337 1088 3387 cetera
1131 3325 1341 3404 etiam,
1392 3350 1542 3412 quae
1581 3328 1638 3390 in
1676 3328 1965 3393 societate
2003 3329 2340 3417 legatorum

402 3405 730 3501 Tbeodosii
758 3409 831 3472 ad
864 3410 1058 3473 aulam
1084 3412 1289 3475 Atilae
1319 3426 1598 3477 versatus
1626 3414 1996 3501 experientia
2027 3417 2338 3504 comperit,

404 3489 834 3557 edisserentem
884 3495 934 3556 si
978 3495 1216 3569 audiaS,
1264 3511 1392 3561 tute
1439 3522 1776 3584 cognosces
1814 3524 1884 3563 ea
1923 3500 2224 3565 Ammiani
2262 3502 2334 3566 de
