2384 3886
1891 218 2016 275 315

4 327 9 396 ss
35 400 40 401 ff
109 368 321 434 tatum,
369 370 433 421 ut
463 358 747 445 quaedam
774 356 845 421 de
866 358 1057 443 capite
1085 358 1442 434 sententiae,
1477 358 1761 444 quaedam
1793 358 1864 421 de
1900 381 2016 421 me-

108 441 235 519 dio,
284 442 565 530 quaedam
625 444 695 507 de
742 444 858 505 fine
920 442 1286 528 adoptarent.
1342 444 1496 506 Bina
1537 444 1591 508 is
1622 443 1773 506 hanc
1802 442 1859 505 in
1891 467 2016 508 rem

106 529 397 616 exempla:
442 554 490 592 8.
523 528 730 615 Steph.
761 529 797 591 l.
831 530 907 589 11.
947 551 994 589 c.
1033 537 1084 588 l.
1130 551 1261 590 cum
1296 531 1473 592 Cone.
1500 533 1775 615 Mogunt.
1813 552 1862 590 a.
1889 536 2016 593 847

105 614 347 678 Canone
368 618 503 688 V1.;
538 626 596 676 et
623 613 811 698 Regis
839 611 1101 698 ejusdem
1126 613 1160 673 l.
1190 617 1268 674 ΙΙ.
1299 637 1345 675 6.
1367 623 1423 676 2.
1452 637 1582 676 611111
1609 617 1850 678 Canone
1873 618 2014 677 Vll.

103 701 284 762 Cone.
329 703 605 785 Mogunt.
651 699 956 770 collatum3
1020 701 1262 761 tertium
1308 698 1379 761 de
1415 699 1673 762 testibus
1723 699 2014 764 Cornides

101 783 317 861 adfert,
380 795 671 871 caputque
716 792 772 846 3.
827 783 862 845 l.
899 787 973 845 ΙΙ.
1023 807 1069 845 8.
1109 782 1316 870 Steph.
1373 807 1446 846 ex
1486 798 1654 870 parte
1696 785 2014 871 posteriori

101 892 149 931 c.
172 876 271 932 63.
319 871 626 933 Canonum
646 876 727 933 73
755 869 828 931 ab
861 868 1167 932 Hadriano
1195 873 1241 930 l.
1277 891 1326 931 a.
1347 875 1471 931 785
1505 870 1884 933 collectorum
1910 870 2011 934 iis-

100 953 231 1018 dem
278 954 610 1018 desumtum
653 954 852 1018 verbis
896 954 1172 1018 ostendit.
1217 957 1428 1040 Leges
1453 966 1651 1018 tamen
1678 954 2013 1041 hujusmodi

98 1063 348 1128 paucae,
401 1040 684 1128 plurimae
714 1064 964 1126 namque
989 1040 1049 1102 in
1074 1064 1201 1103 eam
1229 1040 1569 1103 transfusae
1591 1041 1835 1103 formam
1854 1054 2013 1116 sunt,

99 1138 164 1190 ut
184 1149 286 1189 eas
306 1125 538 1190 aliunde
580 1139 810 1189 sumtas
847 1125 1109 1212 quidem,
1164 1126 1522 1189 deliberatas
1567 1139 1791 1202 tamen,
1841 1139 1900 1190 et
1941 1125 2014 1189 ad

26 1247 27 1250 ¹
98 1234 268 1274 usum
317 1210 597 1276 meditato
633 1211 1044 1275 accomodatas
1070 1224 1368 1301 appareat.
1420 1215 1510 1275 En
1547 1212 1798 1300 exempli
1833 1235 2015 1275 causa

31 1318 52 1387 ι’
102 1308 178 1361 ex
209 1297 480 1385 plurimis
511 1298 763 1385 aliquas:

209 1463 258 1509 S.
289 1462 631 1526 Steph.l.11.
662 1477 778 1525 cap.
808 1459 904 1510 35.

205 1729 527 1775 Consensimus
554 1729 690 1790 igitur
713 1730 920 1791 petitioni
945 1738 1025 1777 to-

93 1803 182 1849 tius
195 1809 395 1856 senatus,
410 1809 460 1848 ut
470 1817 588 1848 unus
603 1803 794 1864 quisque
811 1804 1023 1851 domine-

95 1885 168 1923 tur
186 1877 471 1938 propriorum
499 1877 705 1923 similiter
728 1885 773 1924 et
800 1879 1021 1925 donorum

90 1947 226 2011 Regis
263 1950 368 1996 dum
404 1950 527 2004 vivit,
576 1958 764 2012 excepto
804 1953 925 2011 quod
966 1953 1018 1999 ad

91 2025 363 2085 Episcopum
389 2024 588 2085 pertinet
615 2033 660 2070 et
678 2025 945 2071 Comitatum
969 2041 1020 2073 ac

90 2104 196 2158 post
234 2098 331 2157 ejus
367 2099 499 2144 vitam
520 2098 611 2144 filii
644 2100 777 2145 simili
823 2099 1019 2146 dominio

89 2171 358 2227 succedant;
383 2186 485 2218 1166
503 2187 601 2233 pro
624 2173 835 2219 nullius
857 2189 1019 2221 causa

0 2285 2 2288 ,
90 2252 291 2292 reatus
319 2246 723 2292 detrimentum
745 2247 1020 2294 bonorum

91 2334 314 2366 suorum
346 2316 635 2380 patiatur.
671 2321 782 2367 nisi
818 2322 1020 2367 consi—

90 2393 263 2440 liatus
301 2400 539 2439 mortem
579 2394 771 2456 Regis,
809 2402 1020 2442 111111111-

90 2467 307 2514 ditionem
367 2469 496 2528 regni
555 2468 715 2514 fecerit
739 2504 751 2523 ,
816 2469 905 2515 vel
966 2470 1018 2514 in

90 2541 250 2587 aliam
277 2542 491 2602 fugerit
515 2543 879 2602 provinciam;
909 2550 1018 2589 tunc

87 2629 194 2661 vero
234 2615 353 2662 bona
393 2616 512 2662 illius
552 2616 597 2661 in
634 2617 804 2676 regiam
840 2618 1020 2663 veniant

88 2696 362 2750 potestatem
390 2725 401 2744 ‚
467 2691 565 2751 ipse
625 2705 728 2736 vero
788 2690 1018 2750 subjaceat

88 2764 369 2817 sententiae,
413 2764 514 2810 filiis
550 2764 835 2811 inocentibus
864 2779 1018 2812 rema-

0 2838 7 2902 },
89 2837 318 2884 uentibus.

0 2903 3 2923 l

235 2986 282 3031 S.
313 2986 506 3045 Steph.
546 2986 666 3031 1.11.
707 2981 869 3034 6.15.

198 3177 246 3222 Si
277 3177 377 3236 quis
404 3177 644 3223 valentium
684 3179 770 3223 fide
814 3192 1018 3223 comma—

31 3245 34 3248 *
89 3251 262 3297 culatus
278 3286 288 3303 ‚
334 3251 469 3296 corde
496 3251 719 3312 pollutus,
757 3250 1015 3310 juramento

10 3359 13 3361 .
89 3325 344 3370 confractus
364 3323 625 3385 perjurio
649 3326 912 3371 addictus
939 3326 1016 3371 in-

87 3398 339 3451 veniretur,
370 3399 597 3459 perdita
625 3413 785 3444 manu
811 3398 1013 3459 perju-

45 3511 50 3516 .
87 3473 225 3518 rium
268 3472 413 3525 luat,
466 3479 542 3517 aut
579 3473 899 3533 quinquaginta
930 3473 1011 3532 ju·-

87 3546 237 3592 vencis
265 3560 442 3593 manum
471 3547 673 3592 redimat.

1087 1465 1209 1524 Cap.
1238 1464 1325 1509 111.
1354 1462 1553 1523 Dagob.
1582 1462 1751 1523 Regis
1779 1464 1894 1510 sive
1921 1464 2011 1510 le-

1167 1538 1254 1598 gis
1290 1536 1724 1596 Bajuvariorum
1761 1537 1846 1584 tit.
1875 1539 1935 1584 11.

1449 1625 1561 1671 cap.
1600 1607 1650 1657 3.

1189 1729 1244 1775 Ut
1269 1729 1419 1775 nullus
1435 1728 1690 1788 Bajuvarius
1717 1729 1909 1776 allodem
1935 1738 2012 1776 aut

1078 1804 1209 1850 vitam
1237 1803 1334 1850 sine
1354 1803 1531 1864 capitali
1552 1803 1737 1849 crimine
1756 1804 1938 1864 perdat;
1965 1805 2010 1850 id

1082 1885 1177 1924 est:
1209 1878 1246 1922 si
1273 1878 1445 1924 autin
1467 1891 1651 1923 necem
1675 1878 1841 1923 Ducis
1873 1880 2011 1923 con*-

1082 1952 1304 1998 siliatus
1342 1951 1545 2005 fuerit,
1595 1959 1692 1997 aut
1736 1952 2010 1997 inimicos

1079 2026 1136 2071 in
1206 2025 1565 2085 provinciam
1634 2026 2007 2076 invitaverit,

1081 2106 1179 2145 aut
1220 2099 1525 2146 Civitatem
1562 2112 1772 2159 capere
1813 2099 1874 2145 ab
1914 2114 2011 2145 ex-

1080 2172 1301 2220 traneis
1341 2173 1798 2227 machinaverit,
1843 2179 1889 2218 et
1926 2187 2010 2219 ex-

1078 2247 1183 2293 inde
1223 2247 1440 2308 probatus
1467 2246 1673 2292 inventus
1701 2247 1860 2300 suerit,
1900 2252 2009 2292 tunc

1078 2322 1124 2366 in
1159 2321 1293 2367 Ducis
1330 2321 1388 2365 sit
1418 2325 1645 2380 potestate
1681 2321 1766 2365 vita
1793 2320 1935 2381 ipsius
1964 2327 2010 2367 et

1079 2409 1237 2441 omnes
1264 2408 1338 2440 res
1367 2392 1464 2453 ejus
1493 2399 1538 2439 et
1562 2394 1895 2454 patrimonium.

1079 2984 1265 3031 Caroli
1300 2987 1356 3032 M.
1400 3001 1438 3033 6.
1477 2988 1539 3033 ΙΙ.
1584 3003 1623 3034 a.
1653 2982 1794 3033 805.
1836 3002 1874 3032 6.
1921 2983 2002 3031 11.

1187 3059 1252 3105 116
1286 3060 1566 3121 perjuriis
1603 3061 1667 3107 ad
1702 3061 1883 3106 finem.

1187 3179 1240 3224 Et
1303 3180 1339 3224 si
1404 3181 1504 3240 quis
1563 3180 1792 3225 convictus
1854 3178 2000 3225 suerit.

1075 3251 1343 3312 perjurii,
1388 3253 1594 3315 perdat
1634 3267 1878 3305 manum,
1929 3257 2005 3296 aut

1076 3326 1281 3373 redimat.
