2384 3886
416 236 537 291 342

419 370 574 458 quod
602 368 901 431 Praelatis
933 367 1061 429 suis
1089 370 1577 453 conjuraverunt,
1626 390 1841 435 causae
1872 366 2107 444 horum,
2147 391 2329 436 sensu

420 453 803 543 probissimO,
857 449 1160 538 adjutores
1208 451 1597 516 dicebantur.⁴

1266 644 1308 720 ς
1355 647 1492 702 144.

1234 796 1520 847 Literae

590 935 929 999 Literarum
971 931 1029 994 in
1069 927 1308 1018 judiciis
1357 953 1506 993 usus
1553 954 1671 993 sec.
1713 934 1824 994 XI.
1873 944 1934 995 et
1969 934 2112 994 ΧΠ.
2160 930 2369 994 infre·'

421 1043 642 1107 quens;
698 1018 759 1082 in
809 1021 1077 1102 Regesto
1123 1014 1486 1079 Varadiensi
1535 1039 1766 1101 quoque
1807 1016 2117 1103 pauciora,
2165 1039 2338 1103 quam

420 1130 529 1194 pro
558 1127 802 1168 numero
833 1125 1165 1178 causarum,
1198 1100 1458 1187 vestigia
1482 1100 1838 1188 scriptorum
1859 1101 2338 1166 documentorum

415 1191 701 1279 reperias,
754 1186 877 1251 Sed
907 1186 1100 1273 questi
1153 1184 1380 1273 idjam
1417 1186 1566 1250 alias
1596 1209 1830 1262 sumus3
1877 1211 1994 1251 non
2025 1187 2161 1252 dum
2192 1187 2338 1251 dixi-

418 1301 550 1340 mus
581 1275 694 1339 hoc
735 1275 795 1336 in
835 1272 1156 1337 condendis
1198 1273 1436 1337 ultimae
1466 1272 1788 1336 voluntatis
1813 1272 2036 1338 tabulis
2061 1275 2339 1338 Canones

417 1361 717 1438 Eclesiae,
765 1371 824 1423 et
857 1359 1012 1445 quod
1043 1359 1325 1423 Andreas
1355 1363 1432 1421 ΙΙ.
1465 1359 1524 1421 in
1557 1357 1873 1445 diplomate
1908 1382 1958 1421 a.
1994 1367 2148 1423 1231
2197 1383 2338 1437 „vo-

419 1450 661 1524 luntas,
694 1446 806 1522 ait,
852 1444 1164 1509 testatoris
1208 1468 1517 1532 suprema,
1573 1445 1743 1507 firma
1779 1457 1840 1509 et
1887 1444 2122 1509 stabilis
2164 1444 2340 1510 debet

419 1542 805 1623 permanere“
833 1537 879 1611 1)
920 1553 1028 1617 pro
1059 1531 1197 1618 lege
1228 1528 1381 1619 apud
1420 1534 1749 1617 Hungaros
1782 1530 1985 1595 fuisse.

559 1723 600 1780 ι)
647 1686 769 1768 eod.
803 1718 929 1783 Dipl.
963 1719 1038 1767 1v.
1080 1734 1129 1782 p.
1167 1717 1305 1767 227.

1267 1884 1307 1958 g
1357 1885 1494 1966 145.

1216 2036 1524 2086 Ordalia.

590 2172 897 2237 Ordalium
913 2171 1088 2234 binae
1119 2171 1178 2232 in
1197 2169 1514 2256 Hungaria
1544 2172 1800 2257 species:
1847 2170 1990 2233 ferri
2030 2168 2337 2233 candentis

422 2275 481 2324 et
516 2281 702 2347 aquae
741 2257 1076 2334 bullientis,
1110 2279 1224 2319 usu
1257 2256 1549 2342 cognitae.
1600 2256 1775 2320 Ritus
1795 2254 2119 2343 peragendi
2128 2253 2338 2342 judicii

419 2348 631 2436 hujus,
679 2357 1020 2431 ceteraque,
1066 2355 1132 2406 ut
1163 2341 1315 2429 apud
1357 2344 1707 2405 Germanos
1761 2344 1935 2428 Lege
1975 2342 2028 2406 d.
2053 2340 2340 2417 Ladislai,

417 2432 554 2495 dum
603 2454 754 2518 aqua
800 2431 893 2492 vel
935 2430 1095 2493 ferro
1125 2428 1412 2515 judicium
1432 2430 1668 2505 sactum,
1700 2440 1827 2491 tres
1856 2428 2070 2492 adesse
2098 2427 2342 2491 idoneos

417 2531 608 2583 testes
648 2516 973 2604 oportebat.
1019 2515 1088 2578 ld
1130 2514 1476 2579 Colomanni
1509 2514 1894 2577 constitutum
1927 2512 2247 2602 sapientia,
2276 2520 2342 2576 ut

419 2605 535 2668 nisi
570 2602 644 2667 ad
684 2603 884 2666 sedem
919 2601 1203 2690 Episcopi
1246 2613 1304 2664 et
1340 2603 1597 2687 majores
1632 2599 2127 2687 praeposituras,
2174 2623 2341 2663 exer-

420 2690 541 2755 ceri
577 2688 860 2777 judicium
899 2687 1013 2752 hoc
1044 2687 1331 2774 nequiret.
1376 2686 1628 2750 Arbitro
1665 2686 1988 2750 Bertholdo
2027 2684 2338 2750 Colocensi

419 2775 910 2865 ArchiepiscopO,
938 2774 1152 2836 Abbas
1184 2772 1431 2851 =Ordinis
1460 2797 1507 2835 s,
1528 2772 1834 2836 Benedicti
1867 2771 1938 2835 de
1958 2783 2156 2836 monte
2179 2774 2335 2834 Pan-

419 2862 630 2926 noniae
661 2860 911 2941 (Urozio
934 2866 1174 2940 nomen)
1201 2883 1309 2946 per
1328 2858 1622 2922 hominem
1644 2858 1917 2922 Eclesiae
1941 2881 2086 2921 suae
2112 2858 2335 2921 ferrum

421 2949 481 3011 in
521 2945 758 3012 Eclesia
796 2945 1060 3010 Budensi
1101 2944 1374 3033 portavit.
1433 2945 1677 3008 Literae
1717 2942 1906 3031 igitur
1948 2966 2074 3006 eam
2114 2943 2175 3006 in
2211 2947 2336 3006 rem

420 3035 640 3112 editae,
677 3032 907 3119 locique
934 3031 1158 3095 similes
1203 3030 1455 3117 Regesti
1496 3029 1890 3094 Varadiensis
1933 3036 1980 3111 ¹)
2029 3028 2339 3116 incogniti,

559 3225 602 3283 l)
646 3221 761 3271 Vide
799 3220 870 3270 lit.
913 3220 1041 3287 apud
1080 3219 1424 3268 Schwardtner
1460 3217 1646 3267 Introd.
1689 3217 1738 3267 in
1780 3217 1907 3283 Dipl.
1949 3231 2060 3281 pag.
2098 3210 2236 3266 339.
2283 3214 2338 3264 In

422 3310 540 3374 Reg.
574 3308 745 3357 Varad.
780 3323 916 3357 num.
945 3303 1039 3355 15.
1073 3305 1313 3354 Fabianus
1345 3305 1403 3354 de
1434 3303 1539 3354 villa
1572 3303 1719 3363 Beka‚
1754 3309 1801 3352 et
1832 3303 2040 3352 Samson
2074 3301 2133 3351 de
2160 3314 2338 3365 genere

425 3393 639 3459 Opour.
674 3409 809 3443 num.
847 3390 942 3442 69.
991 3390 1195 3442 Domina
1227 3390 1373 3439 Maria
1405 3390 1534 3439 Uxor
1568 3389 1729 3454 Aghae
1770 3387 2021 3438 Comitis
2063 3400 2198 3436 num.
2235 3381 2331 3433 79.

424 3480 628 3537 Quidam
669 3479 736 3527 de
775 3494 990 3543 genere
1031 3476 1303 3542 equestri
1335 3475 1519 3526 scilicet
1551 3474 1755 3524 militum
1788 3474 1932 3539 Regis
1965 3468 2103 3521 228.
2151 3469 2335 3519 Sumu—

423 3579 564 3613 racus
595 3563 909 3613 posoniensis
942 3564 1121 3613 Comes
1153 3569 1200 3611 et
1232 3562 1307 3612 alii
1340 3577 1475 3611 num.
1514 3556 1631 3610 373
1666 3567 1759 3609 cet.
