2384 3886
382 194 504 250 234

381 335 584 414 Atque
614 327 761 389 haec
792 325 864 388 de
901 324 1207 412 multiplici
1235 326 1390 414 apud
1424 339 1658 390 veteres
1694 326 1963 389 vocabuli
2012 327 2302 392 Comitum

385 438 498 476 usu
532 412 841 475 hactenus,

806 572 875 632 3.
925 570 1027 633 De
1070 574 1495 652 appellatione
1537 572 1873 635 Nobili-am.

1256 724 1298 798 ς
1340 715 1441 780 5o.

716 858 1066 925 Epithetuin
1104 859 1214 909 hoc
1253 858 1556 924 principio
1596 860 1972 925 infrequenS‚

555 996 676 1057 Diu
710 993 864 1056 enim
901 992 1250 1078 dignitatis,
1295 1016 1413 1056 non
1451 991 1676 1055 ordinis
1707 992 1862 1080 apud
1903 1017 2014 1056 nos
2045 993 2311 1058 vim-hoc

386 1079 618 1143 axioma
664 1079 909 1152 habuit3
977 1091 1072 1140 est
1113 1077 1300 1163 igitur
1334 1077 1391 1141 id
1433 1102 1542 1141 seu
1570 1083 1916 1164 arrogantia
1945 1102 2054 1142 seu
2096 1079 2310 1142 sollici-

385 1166 589 1230 tudine
626 1164 804 1226 nimia
830 1164 1049 1226 factum
1084 1162 1482 1250 ineptissime,
1537 1164 1692 1251 quod
1718 1163 1919 1228 nescio
1953 1165 2105 1250 quiS,
2136 1164 2311 1229 homo

385 1253 483 1314 ille
518 1249 748 1337 quidem
775 1248 1110 1326 rudiculuS,
1164 1250 1200 1311 l.
1242 1253 1288 1311 l.
1325 1253 1566 1313 Decret.
1607 1251 1764 1313 sacri
1803 1249 2094 1338 Stephani
2143 1273 2312 1313 accu-

385 1336 687 1400 ratissime
729 1335 953 1422 scripto
985 1357 1108 1420 cap.
1155 1337 1297 1398 Vll.
1345 1335 1418 1399 ad
1455 1331 1658 1399 v'oces:
1705 1335 2080 1423 Principum,
2128 1338 2313 1399 Baro-

386 1446 557 1500 num,
616 1421 943 1498 Comitum,
1001 1421 1295 1497 Militum,
1352 1445 1564 1485 nomen
1610 1421 2007 1499 Nobilium,
2064 1421 2124 1484 id
2167 1434 2312 1485 tem-

386 1509 550 1595 poris
600 1506 1142 1595 splendidissimum
1181 1509 1589 1593 primumque,
1645 1507 1718 1570 ad
1765 1508 1984 1570 calcem
2035 1506 2315 1595 appendit

388 1596 522 1672 filo,
588 1592 743 1680 quod
787 1615 958 1656 nemo
1007 1616 1124 1656 non
1164 1592 1353 1669 videt,
1410 1594 1806 1657 crassissimo.
1882 1593 1981 1656 Ad
2020 1596 2315 1656 sarcinam

388 1680 543 1743 hanc
581 1678 858 1766 Ignatius
912 1680 1128 1741 Comes
1174 1678 1244 1741 de
1296 1678 1597 1764 Bathiany
1643 1679 1899 1741 Praesul
1947 1679 2315 1764 Transylva—

389 1789 600 1831 norum
637 1765 1058 1828 celeberrimus
1093 1764 1349 1826 animum
1392 1764 1617 1851 pridem
1658 1763 1940 1838 advertit;
1987 1764 2160 1827 aliam
2189 1762 2316 1828 Ko-

391 1850 737 1916 vachichius
780 1851 841 1913 in
882 1850 1167 1914 vocibus:
1250 1849 1308 1913 id
1362 1862 1455 1913 est
1500 1851 1875 1914 Servientem
1928 1849 2179 1927 detexit,
2243 1872 2318 1912 ex

389 1938 662 2023 margine
680 1937 939 2000 fortasse
971 1935 1045 1999 ad
1072 1947 1300 1999 textum
1323 1959 1447 2023 cap.
1468 1938 1644 1999 XXI.
1678 1937 1776 1999 lib.
1805 1939 1883 1998 11.
1913 1935 2317 2024 transpositis

392 2023 679 2088 Nobilem
726 2022 1041 2109 appellari,
1093 2021 1251 2084 inter
1286 2021 1521 2084 nomina
1560 2020 1836 2099 honoris,
1875 2021 2032 2108 apud
2059 2045 2170 2085 nos
2200 2045 2320 2086 non

393 2132 598 2186 schS,
640 2121 818 2194 atque
868 2107 929 2170 in
973 2110 1157 2171 Curia
1209 2109 1641 2193 Imperatorum
1676 2107 2153 2194 Pontificumque
2199 2110 2319 2172 Ro-

393 2217 699 2258 manorum
745 2193 882 2258 olim
913 2200 964 2274 2)
1023 2191 1479 2280 amplissimum3
1535 2192 1595 2256 id
1638 2216 1780 2257 vero
1819 2194 1992 2281 plane
2035 2217 2110 2257 ex
2155 2216 2320 2257 more

532 2316 580 2390 1)
625 2321 722 2370 LL.
756 2320 858 2369 EE.
901 2320 959 2370 T.
991 2320 1054 2370 11.
1093 2336 1144 2385 p.
1182 2313 1277 2369 54.

528 2403 581 2477 2)
626 2406 871 2456 Nobilium
903 2412 952 2456 et
982 2406 1226 2455 clarorum
1256 2405 1473 2455 virorum
1505 2405 1584 2455 alii
1614 2421 1674 2456 ex
1699 2405 1877 2456 divitiis
1901 2405 2169 2457 claritatem
2192 2421 2318 2456 con—

398 2493 554 2545 secuti
573 2498 704 2554 sunt,
738 2491 816 2541 alii
844 2506 901 2541 ex
927 2491 1223 2557 praestantia
1247 2491 1458 2556 generiS‚
1491 2491 1569 2541 alii
1596 2507 1654 2542 ex
1678 2491 1872 2553 virtute,
1906 2491 1984 2541 alii
2013 2506 2073 2542 ex
2098 2490 2319 2542 doctrina

398 2587 447 2630 et
484 2578 753 2638 similibus,
800 2593 922 2642 quae
962 2593 1020 2627 ex
1058 2578 1228 2627 eadem
1260 2577 1530 2627 differentia
1561 2577 1816 2638 dicuntur,
1856 2577 2005 2627 hahet
2031 2577 2177 2627 Arist.
2210 2576 2313 2626 Pol.

397 2667 430 2716 l.
464 2666 540 2715 IV.
575 2681 619 2714 c.
654 2658 710 2713 [ι.
760 2663 856 2712 Jul.
892 2663 1033 2734 Caes.
1068 2663 1127 2712 de
1159 2663 1263 2712 Bel.
1298 2662 1407 2728 gall.
1447 2662 1486 2712 I.
1523 2660 1621 2712 21.
1664 2662 1870 2724 „multis
1910 2678 2020 2713 sese
2049 2662 2313 2723 nobilibus,

397 2749 797 2817 principibusque
829 2749 997 2814 populi
1018 2749 1224 2798 Romani
1255 2755 1445 2814 gratum
1478 2764 1588 2798 esse
1618 2749 1920 2798 facturum.'“
1963 2748 2065 2798 Cic.
2091 2748 2152 2798 ad
2173 2747 2317 2798 Attio.

400 2837 456 2886 L.
478 2836 516 2885 l.
545 2832 597 2884 1.
634 2834 797 2895 „Cum
816 2849 1110 2899 perspexero
1134 2834 1405 2884 voluntates
1425 2834 1679 2895 nobilium,
1714 2834 1926 2884 scribam
1944 2834 2005 2884 ad
2028 2837 2118 2884 te“
2145 2833 2250 2884 Liv.
2274 2833 2314 2882 I.

398 2920 657 2971 Nobilitate
683 2918 1000 2983 praeferrent,
1034 2934 1241 2983 quorum
1267 2935 1380 2968 avos
1402 2919 1642 2969 Consules
1671 2918 1905 2969 viderant.
1952 2919 2182 2969 Ceterum
2205 2918 2313 2968 vide

401 3004 658 3057 Alexandri
687 3004 855 3053 Adami
886 3003 1195 3068 antiquitates
1226 3019 1452 3054 romanas
1482 3020 1571 3068 per
1601 3005 1638 3053 Ι.
1672 3002 1728 3053 L.
1761 3005 2006 3070 Meyerum
2037 3005 2087 3054 in
2119 3019 2316 3070 germa-

405 3093 573 3143 nicum
619 3104 880 3140 conversas
925 3089 982 3138 T.
1015 3089 1054 3138 I.
1104 3105 1155 3154 p.
1193 3083 1269 3138 54
1318 3096 1366 3139 et
1404 3088 1704 3138 Glossarium
1749 3089 1808 3139 D.
1857 3091 1933 3140 Du
1975 3090 2138 3156 Cange
2183 3089 2323 3139 Hen-

408 3176 577 3228 schelii
618 3176 680 3225 ad
718 3189 889 3225 vocem
926 3174 1080 3236 hanc;
1131 3181 1179 3225 et
1217 3190 1339 3240 quae
1378 3174 1610 3225 Ruhino
1642 3175 1692 3224 in
1724 3191 1838 3226 suo:
1879 3174 2319 3240 Untersuchungen

404 3263 527 3313 uber
564 3261 812 3311 romische
847 3260 1143 3326 Versassung
1178 3261 1279 3310 und
1319 3260 1497 3310 Gesch.
1545 3276 1595 3326 p.
1634 3256 1772 3311 190.
1820 3261 1965 3326 longe
2002 3277 2115 3311 vero
2147 3259 2321 3326 copio-

406 3348 601 3398 sissime
631 3347 800 3397 Funke
831 3345 995 3412 operis
1028 3346 1556 3407 ‚‚Realschullexicon“
1583 3352 1754 3397 auctor
1777 3345 2123 3400 celeberrimus
2146 3344 2206 3394 ad
2229 3359 2320 3394 vo—

408 3448 516 3482 cem
546 3431 856 3483 Nobilitas
887 3431 1047 3482 docet.
1080 3431 1168 3481 His
1198 3432 1474 3497 compendii
1505 3448 1651 3482 causa
1681 3431 1890 3498 adjungo
1920 3432 2082 3483 literas
2111 3428 2319 3480 Mathiae

409 3516 594 3567 Notarii
623 3517 768 3570 Belae
797 3517 963 3583 Regis,
997 3514 1123 3589 (VII.
1148 3511 1203 3569 lt.
1225 3533 1275 3584 p.
1304 3513 1411 3588 82)
1432 3533 1489 3568 ex
1519 3516 1696 3585 quibus
1726 3524 1956 3584 quantam
1986 3523 2036 3567 et
2063 3514 2318 3579 hominum
