<?xml version="1.0" encoding="UTF-8"?>
<!DOCTYPE html PUBLIC "-//W3C//DTD XHTML 1.0 Transitional//EN"
    "http://www.w3.org/TR/xhtml1/DTD/xhtml1-transitional.dtd">
<html xmlns="http://www.w3.org/1999/xhtml" xml:lang="en" lang="en">
 <head>
  <title>
</title>
<meta http-equiv="Content-Type" content="text/html;charset=utf-8" />
  <meta name='ocr-system' content='tesseract 3.04.00' />
  <meta name='ocr-capabilities' content='ocr_page ocr_carea ocr_par ocr_line ocrx_word'/>
</head>
<body>
  <div class='ocr_page' id='page_1' title='image "./commentariorumad01bart_0358.png"; bbox 0 0 2384 3886; ppageno 0'>
   <div class='ocr_carea' id='block_1_1' title="bbox 400 205 525 262">
    <p class='ocr_par' dir='ltr' id='par_1_1' title="bbox 400 205 525 262">
     <span class='ocr_line' id='line_1_1' title="bbox 400 205 525 262; baseline 0.008 -1"><span class='ocrx_word' id='word_1_1' title='bbox 400 205 525 262; x_wconf 81' lang='lat'><strong>35⁰</strong></span> 
     </span>
    </p>
   </div>
   <div class='ocr_carea' id='block_1_2' title="bbox 393 338 2316 1540">
    <p class='ocr_par' dir='ltr' id='par_1_2' title="bbox 393 338 2316 1540">
     <span class='ocr_line' id='line_1_2' title="bbox 400 338 2311 426; baseline -0.001 -23"><span class='ocrx_word' id='word_1_2' title='bbox 400 364 533 403; x_wconf 90' lang='lat' dir='ltr'><strong>men</strong></span> <span class='ocrx_word' id='word_1_3' title='bbox 565 340 636 404; x_wconf 88' lang='lat' dir='ltr'><strong>de</strong></span> <span class='ocrx_word' id='word_1_4' title='bbox 675 340 880 404; x_wconf 78' lang='lat' dir='ltr'><strong>ordine</strong></span> <span class='ocrx_word' id='word_1_5' title='bbox 908 341 1103 402; x_wconf 90' lang='lat' dir='ltr'><strong>solum</strong></span> <span class='ocrx_word' id='word_1_6' title='bbox 1151 338 1577 426; x_wconf 80' lang='lat' dir='ltr'>disciplinaque</span> <span class='ocrx_word' id='word_1_7' title='bbox 1615 362 1789 402; x_wconf 90' lang='lat' dir='ltr'><strong>sacra</strong></span> <span class='ocrx_word' id='word_1_8' title='bbox 1826 338 2078 426; x_wconf 79' lang='lat' dir='ltr'><strong>intelligi</strong></span> <span class='ocrx_word' id='word_1_9' title='bbox 2123 341 2311 404; x_wconf 84' lang='lat' dir='ltr'><strong>velim.</strong></span> 
     </span>
     <span class='ocr_line' id='line_1_3' title="bbox 398 423 2312 512; baseline 0.001 -23"><span class='ocrx_word' id='word_1_10' title='bbox 398 430 456 489; x_wconf 91' lang='lat' dir='ltr'>A</span> <span class='ocrx_word' id='word_1_11' title='bbox 509 425 526 486; x_wconf 91' lang='lat' dir='ltr'><strong>i</strong></span> <span class='ocrx_word' id='word_1_12' title='bbox 564 425 718 488; x_wconf 89' lang='lat' dir='ltr'><strong>enim</strong></span> <span class='ocrx_word' id='word_1_13' title='bbox 750 448 879 486; x_wconf 92' lang='lat' dir='ltr'><strong>cum</strong></span> <span class='ocrx_word' id='word_1_14' title='bbox 910 424 1005 487; x_wconf 92' lang='lat' dir='ltr'><strong>his</strong></span> <span class='ocrx_word' id='word_1_15' title='bbox 1038 426 1201 510; x_wconf 85' lang='lat' dir='ltr'><strong>lege,</strong></span> <span class='ocrx_word' id='word_1_16' title='bbox 1249 424 1302 487; x_wconf 92' lang='lat' dir='ltr'><strong>si</strong></span> <span class='ocrx_word' id='word_1_17' title='bbox 1347 424 1621 512; x_wconf 89' lang='lat' dir='ltr'><strong>injuriam</strong></span> <span class='ocrx_word' id='word_1_18' title='bbox 1655 423 1989 501; x_wconf 77' lang='lat' dir='ltr'><strong>dedissent,</strong></span> <span class='ocrx_word' id='word_1_19' title='bbox 2033 427 2312 490; x_wconf 87' lang='lat' dir='ltr'><strong>Praelato</strong></span> 
     </span>
     <span class='ocr_line' id='line_1_4' title="bbox 398 449 2312 597; baseline 0.001 -24"><span class='ocrx_word' id='word_1_20' title='bbox 398 449 587 574; x_wconf 38' lang='lat' dir='ltr'><strong>scium</strong></span> <span class='ocrx_word' id='word_1_21' title='bbox 625 509 839 574; x_wconf 91' lang='lat' dir='ltr'><strong>Judice</strong></span> <span class='ocrx_word' id='word_1_22' title='bbox 875 510 1146 597; x_wconf 89' lang='lat' dir='ltr'><strong>potuisse</strong></span> <span class='ocrx_word' id='word_1_23' title='bbox 1175 511 1493 574; x_wconf 88' lang='lat' dir='ltr'><strong>multorum</strong></span> <span class='ocrx_word' id='word_1_24' title='bbox 1537 532 1665 572; x_wconf 89' lang='lat' dir='ltr'><strong>eam</strong></span> <span class='ocrx_word' id='word_1_25' title='bbox 1702 509 1961 596; x_wconf 85' lang='lat' dir='ltr'><strong>quidem,</strong></span> <span class='ocrx_word' id='word_1_26' title='bbox 2008 533 2199 596; x_wconf 89' lang='lat' dir='ltr'><strong>neque</strong></span> <span class='ocrx_word' id='word_1_27' title='bbox 2243 535 2312 575; x_wconf 87' lang='lat' dir='ltr'><strong>eo</strong></span> 
     </span>
     <span class='ocr_line' id='line_1_5' title="bbox 396 594 2316 682; baseline 0 -24"><span class='ocrx_word' id='word_1_28' title='bbox 396 619 490 658; x_wconf 93' lang='lat' dir='ltr'><strong>ma</strong></span> <span class='ocrx_word' id='word_1_29' title='bbox 539 595 592 657; x_wconf 93' lang='lat' dir='ltr'><strong>is</strong></span> <span class='ocrx_word' id='word_1_30' title='bbox 623 618 824 658; x_wconf 89' lang='lat' dir='ltr'><strong>veram</strong></span> <span class='ocrx_word' id='word_1_31' title='bbox 857 596 1293 659; x_wconf 80' lang='lat' dir='ltr'><strong>existimaveris</strong></span> <span class='ocrx_word' id='word_1_32' title='bbox 1326 594 1698 659; x_wconf 88' lang='lat' dir='ltr'><strong>sententiam.</strong></span> <span class='ocrx_word' id='word_1_33' title='bbox 1742 597 1878 660; x_wconf 89' lang='lat' dir='ltr'><strong>Lex</strong></span> <span class='ocrx_word' id='word_1_34' title='bbox 1915 618 2166 682; x_wconf 91' lang='lat' dir='ltr'><strong>namque</strong></span> <span class='ocrx_word' id='word_1_35' title='bbox 2197 594 2316 658; x_wconf 86' lang='lat' dir='ltr'><strong>divi</strong></span> 
     </span>
     <span class='ocr_line' id='line_1_6' title="bbox 397 620 2315 769; baseline 0 -25"><span class='ocrx_word' id='word_1_36' title='bbox 397 620 662 745; x_wconf 59' lang='lat' dir='ltr'><strong>Ladislai</strong></span> <span class='ocrx_word' id='word_1_37' title='bbox 702 681 768 761; x_wconf 91' lang='lat' dir='ltr'><strong>(l.</strong></span> <span class='ocrx_word' id='word_1_38' title='bbox 800 684 878 744; x_wconf 85' lang='lat' dir='ltr'><strong>ll.</strong></span> <span class='ocrx_word' id='word_1_39' title='bbox 919 705 1043 769; x_wconf 89' lang='lat' dir='ltr'><strong>cap.</strong></span> <span class='ocrx_word' id='word_1_40' title='bbox 1081 688 1189 761; x_wconf 81' lang='lat'><strong>13)</strong></span> <span class='ocrx_word' id='word_1_41' title='bbox 1220 693 1445 757; x_wconf 86' lang='lat' dir='ltr'><strong>exstat,</strong></span> <span class='ocrx_word' id='word_1_42' title='bbox 1493 693 1558 743; x_wconf 90' lang='lat' dir='ltr'><strong>ut</strong></span> <span class='ocrx_word' id='word_1_43' title='bbox 1591 681 1862 744; x_wconf 80' lang='lat' dir='ltr'><strong>Clericus</strong></span> <span class='ocrx_word' id='word_1_44' title='bbox 1901 680 2140 767; x_wconf 90' lang='lat' dir='ltr'><strong>majoris</strong></span> <span class='ocrx_word' id='word_1_45' title='bbox 2173 681 2315 744; x_wconf 86' lang='lat' dir='ltr'><strong>furti</strong></span> 
     </span>
     <span class='ocr_line' id='line_1_7' title="bbox 396 765 2312 855; baseline 0.001 -26"><span class='ocrx_word' id='word_1_46' title='bbox 396 790 536 829; x_wconf 91' lang='lat' dir='ltr'><strong>reus</strong></span> <span class='ocrx_word' id='word_1_47' title='bbox 558 790 665 854; x_wconf 91' lang='lat' dir='ltr'><strong>per</strong></span> <span class='ocrx_word' id='word_1_48' title='bbox 692 765 1055 855; x_wconf 83' lang='lat' dir='ltr'><strong>Episcopum</strong></span> <span class='ocrx_word' id='word_1_49' title='bbox 1084 765 1278 854; x_wconf 82' lang='lat' dir='ltr'><strong>gradu</strong></span> <span class='ocrx_word' id='word_1_50' title='bbox 1313 778 1644 843; x_wconf 82' lang='lat' dir='ltr'><strong>moveatur,</strong></span> <span class='ocrx_word' id='word_1_51' title='bbox 1689 766 2044 853; x_wconf 86' lang='lat' dir='ltr'><strong>vulgarique</strong></span> <span class='ocrx_word' id='word_1_52' title='bbox 2078 765 2312 830; x_wconf 76' lang='lat' dir='ltr'><strong>damne-</strong></span> 
     </span>
     <span class='ocr_line' id='line_1_8' title="bbox 395 851 2316 950; baseline -0.001 -34"><span class='ocrx_word' id='word_1_53' title='bbox 395 866 497 916; x_wconf 88' lang='lat' dir='ltr'><strong>tur</strong></span> <span class='ocrx_word' id='word_1_54' title='bbox 513 851 762 950; x_wconf 78' lang='lat' dir='ltr'><strong>judicio.</strong></span> <span class='ocrx_word' id='word_1_55' title='bbox 824 854 1015 940; x_wconf 90' lang='lat' dir='ltr'><strong>Atqui</strong></span> <span class='ocrx_word' id='word_1_56' title='bbox 1054 853 1176 939; x_wconf 85' lang='lat' dir='ltr'><strong>legi</strong></span> <span class='ocrx_word' id='word_1_57' title='bbox 1212 852 1376 928; x_wconf 79' lang='lat' dir='ltr'><strong>huic,</strong></span> <span class='ocrx_word' id='word_1_58' title='bbox 1431 851 1592 914; x_wconf 85' lang='lat' dir='ltr'><strong>velut</strong></span> <span class='ocrx_word' id='word_1_59' title='bbox 1630 852 1874 939; x_wconf 90' lang='lat' dir='ltr'><strong>speciali</strong></span> <span class='ocrx_word' id='word_1_60' title='bbox 1917 865 1976 916; x_wconf 92' lang='lat' dir='ltr'><strong>et</strong></span> <span class='ocrx_word' id='word_1_61' title='bbox 2015 851 2316 915; x_wconf 91' lang='lat' dir='ltr'><strong>hominum</strong></span> 
     </span>
     <span class='ocr_line' id='line_1_9' title="bbox 398 937 2314 1034; baseline -0.001 -33"><span class='ocrx_word' id='word_1_62' title='bbox 398 961 529 1003; x_wconf 85' lang='lat' dir='ltr'><strong>aev1</strong></span> <span class='ocrx_word' id='word_1_63' title='bbox 576 937 756 1026; x_wconf 90' lang='lat' dir='ltr'><strong>hujus</strong></span> <span class='ocrx_word' id='word_1_64' title='bbox 817 952 1085 1003; x_wconf 83' lang='lat' dir='ltr'><strong>extortae</strong></span> <span class='ocrx_word' id='word_1_65' title='bbox 1133 937 1275 1000; x_wconf 86' lang='lat' dir='ltr'><strong>vitio</strong></span> <span class='ocrx_word' id='word_1_66' title='bbox 1330 956 1436 1023; x_wconf 85' lang='lat' dir='ltr'><strong>per</strong></span> <span class='ocrx_word' id='word_1_67' title='bbox 1479 937 1904 1000; x_wconf 76' lang='lat' dir='ltr'><strong>Coloniannum</strong></span> <span class='ocrx_word' id='word_1_68' title='bbox 1959 937 2314 1034; x_wconf 74' lang='lat' dir='ltr'><strong>obrogatum</strong></span> 
     </span>
     <span class='ocr_line' id='line_1_10' title="bbox 397 1019 2314 1110; baseline -0.001 -23"><span class='ocrx_word' id='word_1_69' title='bbox 397 1037 517 1102; x_wconf 84' lang='lat' dir='ltr'><strong>est,</strong></span> <span class='ocrx_word' id='word_1_70' title='bbox 547 1032 598 1104; x_wconf 83' lang='lat'><strong>3)</strong></span> <span class='ocrx_word' id='word_1_71' title='bbox 644 1024 801 1098; x_wconf 80' lang='lat' dir='ltr'><strong>sci03</strong></span> <span class='ocrx_word' id='word_1_72' title='bbox 848 1048 1040 1110; x_wconf 90' lang='lat' dir='ltr'><strong>neque</strong></span> <span class='ocrx_word' id='word_1_73' title='bbox 1074 1047 1167 1087; x_wconf 92' lang='lat' dir='ltr'><strong>me</strong></span> <span class='ocrx_word' id='word_1_74' title='bbox 1206 1023 1379 1099; x_wconf 80' lang='lat' dir='ltr'><strong>latet,</strong></span> <span class='ocrx_word' id='word_1_75' title='bbox 1434 1045 1508 1085; x_wconf 91' lang='lat' dir='ltr'><strong>ex</strong></span> <span class='ocrx_word' id='word_1_76' title='bbox 1540 1019 1716 1108; x_wconf 91' lang='lat' dir='ltr'><strong>hujus</strong></span> <span class='ocrx_word' id='word_1_77' title='bbox 1750 1035 1945 1086; x_wconf 89' lang='lat' dir='ltr'><strong>mente</strong></span> <span class='ocrx_word' id='word_1_78' title='bbox 1977 1026 2194 1109; x_wconf 65' lang='lat' dir='ltr'><strong>negas,</strong></span> <span class='ocrx_word' id='word_1_79' title='bbox 2240 1046 2314 1086; x_wconf 89' lang='lat' dir='ltr'><strong>ne</strong></span> 
     </span>
     <span class='ocr_line' id='line_1_11' title="bbox 397 1107 2312 1196; baseline -0.001 -24"><span class='ocrx_word' id='word_1_80' title='bbox 397 1134 611 1173; x_wconf 82' lang='lat' dir='ltr'><strong>causas</strong></span> <span class='ocrx_word' id='word_1_81' title='bbox 640 1108 868 1196; x_wconf 91' lang='lat' dir='ltr'><strong>quidem</strong></span> <span class='ocrx_word' id='word_1_82' title='bbox 894 1113 1125 1172; x_wconf 90' lang='lat' dir='ltr'><strong>ratione</strong></span> <span class='ocrx_word' id='word_1_83' title='bbox 1151 1108 1490 1183; x_wconf 80' lang='lat' dir='ltr'><strong>fundorum,</strong></span> <span class='ocrx_word' id='word_1_84' title='bbox 1538 1130 1889 1195; x_wconf 90' lang='lat' dir='ltr'><strong>quocunque</strong></span> <span class='ocrx_word' id='word_1_85' title='bbox 1923 1108 2204 1172; x_wconf 85' lang='lat' dir='ltr'><strong>Actionis</strong></span> <span class='ocrx_word' id='word_1_86' title='bbox 2241 1107 2312 1171; x_wconf 42' lang='lat' dir='ltr'><strong>ti*</strong></span> 
     </span>
     <span class='ocr_line' id='line_1_12' title="bbox 395 1192 2313 1282; baseline -0.002 -23"><span class='ocrx_word' id='word_1_87' title='bbox 395 1197 520 1259; x_wconf 91' lang='lat' dir='ltr'><strong>tulo</strong></span> <span class='ocrx_word' id='word_1_88' title='bbox 553 1196 805 1259; x_wconf 86' lang='lat' dir='ltr'><strong>vestitas</strong></span> <span class='ocrx_word' id='word_1_89' title='bbox 834 1195 1124 1258; x_wconf 90' lang='lat' dir='ltr'><strong>adversus</strong></span> <span class='ocrx_word' id='word_1_90' title='bbox 1148 1193 1380 1257; x_wconf 83' lang='lat' dir='ltr'><strong>Clerico</strong></span> <span class='ocrx_word' id='word_1_91' title='bbox 1401 1192 1661 1271; x_wconf 82' lang='lat' dir='ltr'><strong>institui,</strong></span> <span class='ocrx_word' id='word_1_92' title='bbox 1706 1207 1944 1281; x_wconf 88' lang='lat' dir='ltr'><strong>praeter</strong></span> <span class='ocrx_word' id='word_1_93' title='bbox 1970 1217 2143 1280; x_wconf 89' lang='lat' dir='ltr'><strong>quam</strong></span> <span class='ocrx_word' id='word_1_94' title='bbox 2159 1192 2313 1282; x_wconf 90' lang='lat' dir='ltr'><strong>apud</strong></span> 
     </span>
     <span class='ocr_line' id='line_1_13' title="bbox 393 1278 2312 1366; baseline -0.001 -21"><span class='ocrx_word' id='word_1_95' title='bbox 393 1281 642 1345; x_wconf 90' lang='lat' dir='ltr'><strong>Judices</strong></span> <span class='ocrx_word' id='word_1_96' title='bbox 662 1279 906 1345; x_wconf 86' lang='lat' dir='ltr'><strong>Ordinis</strong></span> <span class='ocrx_word' id='word_1_97' title='bbox 940 1281 1117 1358; x_wconf 79' lang='lat' dir='ltr'><strong>sacri,</strong></span> <span class='ocrx_word' id='word_1_98' title='bbox 1147 1302 1438 1366; x_wconf 89' lang='lat' dir='ltr'><strong>nusquam</strong></span> <span class='ocrx_word' id='word_1_99' title='bbox 1473 1279 1760 1364; x_wconf 90' lang='lat' dir='ltr'><strong>potuisse.</strong></span> <span class='ocrx_word' id='word_1_100' title='bbox 1811 1278 1934 1343; x_wconf 87' lang='lat' dir='ltr'><strong>Sed</strong></span> <span class='ocrx_word' id='word_1_101' title='bbox 1967 1279 2080 1344; x_wconf 90' lang='lat' dir='ltr'><strong>hoc</strong></span> <span class='ocrx_word' id='word_1_102' title='bbox 2119 1281 2312 1345; x_wconf 92' lang='lat' dir='ltr'><strong>multi-</strong></span> 
     </span>
     <span class='ocr_line' id='line_1_14' title="bbox 395 1363 2312 1453; baseline 0 -24"><span class='ocrx_word' id='word_1_103' title='bbox 395 1367 600 1429; x_wconf 87' lang='lat' dir='ltr'><strong>fariam</strong></span> <span class='ocrx_word' id='word_1_104' title='bbox 623 1366 780 1444; x_wconf 85' lang='lat' dir='ltr'><strong>licet,</strong></span> <span class='ocrx_word' id='word_1_105' title='bbox 818 1380 1027 1431; x_wconf 90' lang='lat' dir='ltr'><strong>contra</strong></span> <span class='ocrx_word' id='word_1_106' title='bbox 1052 1366 1326 1430; x_wconf 90' lang='lat' dir='ltr'><strong>instituta</strong></span> <span class='ocrx_word' id='word_1_107' title='bbox 1352 1363 1404 1427; x_wconf 91' lang='lat' dir='ltr'><strong>d.</strong></span> <span class='ocrx_word' id='word_1_108' title='bbox 1429 1364 1721 1451; x_wconf 89' lang='lat' dir='ltr'><strong>Stephani</strong></span> <span class='ocrx_word' id='word_1_109' title='bbox 1764 1377 1824 1429; x_wconf 91' lang='lat' dir='ltr'><strong>et</strong></span> <span class='ocrx_word' id='word_1_110' title='bbox 1854 1365 2150 1444; x_wconf 85' lang='lat' dir='ltr'><strong>Ladislai‚</strong></span> <span class='ocrx_word' id='word_1_111' title='bbox 2198 1390 2312 1453; x_wconf 91' lang='lat' dir='ltr'><strong>qua</strong></span> 
     </span>
     <span class='ocr_line' id='line_1_15' title="bbox 393 1449 2310 1540; baseline -0.001 -25"><span class='ocrx_word' id='word_1_112' title='bbox 393 1452 728 1540; x_wconf 84' lang='lat' dir='ltr'><strong>privilegio,</strong></span> <span class='ocrx_word' id='word_1_113' title='bbox 746 1461 799 1533; x_wconf 73' lang='lat'><strong>4)</strong></span> <span class='ocrx_word' id='word_1_114' title='bbox 846 1477 962 1540; x_wconf 90' lang='lat' dir='ltr'><strong>qua</strong></span> <span class='ocrx_word' id='word_1_115' title='bbox 986 1453 1189 1539; x_wconf 82' lang='lat' dir='ltr'><strong>legum</strong></span> <span class='ocrx_word' id='word_1_116' title='bbox 1217 1452 1624 1516; x_wconf 84' lang='lat' dir='ltr'><strong>confirmatum</strong></span> <span class='ocrx_word' id='word_1_117' title='bbox 1653 1449 1900 1529; x_wconf 85' lang='lat' dir='ltr'><strong>tabulis,</strong></span> <span class='ocrx_word' id='word_1_118' title='bbox 1919 1458 1969 1531; x_wconf 85' lang='grc'><strong>5)</strong></span> <span class='ocrx_word' id='word_1_119' title='bbox 2004 1452 2310 1526; x_wconf 85' lang='lat' dir='ltr'><strong>robustam</strong></span> 
     </span>
    </p>
   </div>
   <div class='ocr_carea' id='block_1_3' title="bbox 395 1536 1525 1625">
    <p class='ocr_par' dir='ltr' id='par_1_3' title="bbox 395 1536 1525 1625">
     <span class='ocr_line' id='line_1_16' title="bbox 395 1536 1525 1625; baseline -0.002 -24"><span class='ocrx_word' id='word_1_120' title='bbox 395 1538 696 1625; x_wconf 83' lang='lat' dir='ltr'><strong>attingere</strong></span> <span class='ocrx_word' id='word_1_121' title='bbox 735 1539 1135 1602; x_wconf 86' lang='lat' dir='ltr'><strong>maturitatem</strong></span> <span class='ocrx_word' id='word_1_122' title='bbox 1170 1536 1446 1624; x_wconf 90' lang='lat' dir='ltr'><strong>nequivit.</strong></span> <span class='ocrx_word' id='word_1_123' title='bbox 1474 1547 1525 1615; x_wconf 77' lang='lat'><strong>⁶)</strong></span> 
     </span>
    </p>
   </div>
   <div class='ocr_carea' id='block_1_4' title="bbox 526 1751 2308 1998">
    <p class='ocr_par' dir='ltr' id='par_1_4' title="bbox 526 1751 2308 1998">
     <span class='ocr_line' id='line_1_17' title="bbox 528 1751 1058 1825; baseline -0.008 -17"><span class='ocrx_word' id='word_1_124' title='bbox 528 1752 579 1825; x_wconf 86' lang='lat'><strong>2)</strong></span> <span class='ocrx_word' id='word_1_125' title='bbox 624 1758 708 1808; x_wconf 90' lang='lat' dir='ltr'><strong>lib.</strong></span> <span class='ocrx_word' id='word_1_126' title='bbox 743 1758 780 1807; x_wconf 91' lang='grc' dir='ltr'><strong>Ι.</strong></span> <span class='ocrx_word' id='word_1_127' title='bbox 817 1773 924 1823; x_wconf 87' lang='lat' dir='ltr'><strong>cap.</strong></span> <span class='ocrx_word' id='word_1_128' title='bbox 965 1751 1058 1819; x_wconf 69' lang='lat'><strong>14.</strong></span> 
     </span>
     <span class='ocr_line' id='line_1_18' title="bbox 527 1836 1175 1911; baseline -0.002 -17"><span class='ocrx_word' id='word_1_129' title='bbox 527 1838 578 1911; x_wconf 80' lang='grc'><strong>3)</strong></span> <span class='ocrx_word' id='word_1_130' title='bbox 626 1844 731 1894; x_wconf 81' lang='lat' dir='ltr'><strong>col.</strong></span> <span class='ocrx_word' id='word_1_131' title='bbox 766 1843 798 1892; x_wconf 84' lang='lat' dir='ltr'><strong>l.</strong></span> <span class='ocrx_word' id='word_1_132' title='bbox 832 1843 870 1893; x_wconf 89' lang='lat'><strong>1.</strong></span> <span class='ocrx_word' id='word_1_133' title='bbox 906 1859 950 1893; x_wconf 74' lang='lat' dir='ltr'><strong>c.</strong></span> <span class='ocrx_word' id='word_1_134' title='bbox 984 1836 1042 1902; x_wconf 42' lang='lat'><strong>³6,</strong></span> <span class='ocrx_word' id='word_1_135' title='bbox 1082 1838 1175 1893; x_wconf 64' lang='lat'><strong>14.</strong></span> 
     </span>
     <span class='ocr_line' id='line_1_19' title="bbox 526 1925 2308 1998; baseline -0.002 -18"><span class='ocrx_word' id='word_1_136' title='bbox 526 1925 579 1998; x_wconf 75' lang='lat'><strong>4)</strong></span> <span class='ocrx_word' id='word_1_137' title='bbox 624 1931 842 1980; x_wconf 87' lang='lat' dir='ltr'><strong>Andreae</strong></span> <span class='ocrx_word' id='word_1_138' title='bbox 874 1930 935 1979; x_wconf 94' lang='grc' dir='ltr'><strong>ΙΙ.</strong></span> <span class='ocrx_word' id='word_1_139' title='bbox 971 1930 1029 1979; x_wconf 90' lang='lat' dir='ltr'><strong>de</strong></span> <span class='ocrx_word' id='word_1_140' title='bbox 1050 1945 1094 1979; x_wconf 86' lang='lat' dir='ltr'><strong>a.</strong></span> <span class='ocrx_word' id='word_1_141' title='bbox 1127 1927 1286 1979; x_wconf 92' lang='grc'>1222</span> <span class='ocrx_word' id='word_1_142' title='bbox 1321 1928 1452 1978; x_wconf 88' lang='lat' dir='ltr'><strong>clero</strong></span> <span class='ocrx_word' id='word_1_143' title='bbox 1486 1942 1727 1978; x_wconf 84' lang='lat' dir='ltr'><strong>concesso</strong></span> <span class='ocrx_word' id='word_1_144' title='bbox 1760 1929 1890 1992; x_wconf 84' lang='lat' dir='ltr'><strong>apud</strong></span> <span class='ocrx_word' id='word_1_145' title='bbox 1922 1927 2084 1978; x_wconf 76' lang='lat' dir='ltr'><strong>Kollar</strong></span> <span class='ocrx_word' id='word_1_146' title='bbox 2109 1929 2167 1979; x_wconf 89' lang='lat' dir='ltr'><strong>de</strong></span> <span class='ocrx_word' id='word_1_147' title='bbox 2188 1929 2308 1993; x_wconf 80' lang='lat' dir='ltr'><strong>orig.</strong></span> 
     </span>
    </p>
   </div>
   <div class='ocr_carea' id='block_1_5' title="bbox 389 2011 1204 2170">
    <p class='ocr_par' dir='ltr' id='par_1_5' title="bbox 389 2011 1204 2170">
     <span class='ocr_line' id='line_1_20' title="bbox 389 2011 978 2082; baseline -0.005 -16"><span class='ocrx_word' id='word_1_148' title='bbox 389 2023 499 2082; x_wconf 84' lang='lat' dir='ltr'><strong>pot.</strong></span> <span class='ocrx_word' id='word_1_149' title='bbox 533 2014 627 2079; x_wconf 86' lang='lat' dir='ltr'><strong>leg.</strong></span> <span class='ocrx_word' id='word_1_150' title='bbox 662 2023 756 2065; x_wconf 89' lang='lat' dir='ltr'><strong>cet.</strong></span> <span class='ocrx_word' id='word_1_151' title='bbox 791 2032 841 2080; x_wconf 90' lang='lat' dir='ltr'><strong>p.</strong></span> <span class='ocrx_word' id='word_1_152' title='bbox 879 2011 978 2064; x_wconf 81' lang='lat'><strong>93.</strong></span> 
     </span>
     <span class='ocr_line' id='line_1_21' title="bbox 529 2096 1204 2170; baseline -0.001 -20"><span class='ocrx_word' id='word_1_153' title='bbox 529 2097 580 2170; x_wconf 84' lang='lat'><strong>5)</strong></span> <span class='ocrx_word' id='word_1_154' title='bbox 624 2103 725 2152; x_wconf 80' lang='lat' dir='ltr'><strong>Art.</strong></span> <span class='ocrx_word' id='word_1_155' title='bbox 765 2098 859 2150; x_wconf 91' lang='grc'><strong>17.</strong></span> <span class='ocrx_word' id='word_1_156' title='bbox 899 2096 1052 2150; x_wconf 92' lang='grc'>1231</span> <span class='ocrx_word' id='word_1_157' title='bbox 1090 2106 1119 2160; x_wconf 80' lang='lat'>§</span> <span class='ocrx_word' id='word_1_158' title='bbox 1151 2099 1204 2150; x_wconf 87' lang='grc'><strong>2.</strong></span> 
     </span>
    </p>
   </div>
   <div class='ocr_carea' id='block_1_6' title="bbox 477 2182 1150 2255">
    <p class='ocr_par' dir='ltr' id='par_1_6' title="bbox 477 2182 1150 2255">
     <span class='ocr_line' id='line_1_22' title="bbox 477 2182 1150 2255; baseline -0.015 -11"><span class='ocrx_word' id='word_1_159' title='bbox 477 2242 482 2244; x_wconf 68' lang='grc'>,</span> <span class='ocrx_word' id='word_1_160' title='bbox 529 2185 579 2255; x_wconf 79' lang='lat'><strong>⁶)</strong></span> <span class='ocrx_word' id='word_1_161' title='bbox 625 2187 740 2237; x_wconf 88' lang='lat' dir='ltr'><strong>Vide</strong></span> <span class='ocrx_word' id='word_1_162' title='bbox 774 2202 920 2250; x_wconf 82' lang='lat' dir='ltr'><strong>supra</strong></span> <span class='ocrx_word' id='word_1_163' title='bbox 950 2191 979 2245; x_wconf 70' lang='lat' dir='ltr'>S</span> <span class='ocrx_word' id='word_1_164' title='bbox 1016 2182 1150 2236; x_wconf 85' lang='grc'>123.</span> 
     </span>
    </p>
   </div>
   <div class='ocr_carea' id='block_1_7' title="bbox 1234 2386 1503 2463">
    <p class='ocr_par' dir='ltr' id='par_1_7' title="bbox 1234 2386 1503 2463">
     <span class='ocr_line' id='line_1_23' title="bbox 1234 2386 1503 2463; baseline 0 -19"><span class='ocrx_word' id='word_1_165' title='bbox 1234 2386 1276 2463; x_wconf 68' lang='lat' dir='ltr'>g</span> <span class='ocrx_word' id='word_1_166' title='bbox 1325 2388 1461 2446; x_wconf 84' lang='lat'>154.</span> <span class='ocrx_word' id='word_1_167' title='bbox 1501 2460 1503 2463; x_wconf 9' lang='lat' dir='ltr'><strong><em>J</em></strong></span> 
     </span>
    </p>
   </div>
   <div class='ocr_carea' id='block_1_8' title="bbox 522 2551 2180 2707">
    <p class='ocr_par' dir='ltr' id='par_1_8' title="bbox 522 2551 2180 2707">
     <span class='ocr_line' id='line_1_24' title="bbox 522 2551 2180 2620; baseline 0 -16"><span class='ocrx_word' id='word_1_168' title='bbox 522 2552 577 2604; x_wconf 90' lang='grc'><strong>2.</strong></span> <span class='ocrx_word' id='word_1_169' title='bbox 625 2553 922 2606; x_wconf 85' lang='lat' dir='ltr'><strong>Personae</strong></span> <span class='ocrx_word' id='word_1_170' title='bbox 967 2554 1119 2616; x_wconf 85' lang='lat' dir='ltr'><strong>aliae</strong></span> <span class='ocrx_word' id='word_1_171' title='bbox 1166 2555 1366 2606; x_wconf 86' lang='lat' dir='ltr'><strong>causis</strong></span> <span class='ocrx_word' id='word_1_172' title='bbox 1411 2556 1479 2606; x_wconf 87' lang='lat' dir='ltr'><strong>ad</strong></span> <span class='ocrx_word' id='word_1_173' title='bbox 1526 2555 1667 2606; x_wconf 87' lang='lat' dir='ltr'><strong>haec</strong></span> <span class='ocrx_word' id='word_1_174' title='bbox 1713 2551 2006 2620; x_wconf 69' lang='lat' dir='ltr'><strong>relegatis</strong></span> <span class='ocrx_word' id='word_1_175' title='bbox 2052 2554 2180 2605; x_wconf 82' lang='lat' dir='ltr'><strong>sora</strong></span> 
     </span>
     <span class='ocr_line' id='line_1_25' title="bbox 1179 2640 1527 2707; baseline 0 -16"><span class='ocrx_word' id='word_1_176' title='bbox 1179 2640 1527 2707; x_wconf 87' lang='lat' dir='ltr'><strong>implicitae.</strong></span> 
     </span>
    </p>
   </div>
   <div class='ocr_carea' id='block_1_9' title="bbox 395 2802 2311 2978">
    <p class='ocr_par' dir='ltr' id='par_1_9' title="bbox 395 2802 2311 2978">
     <span class='ocr_line' id='line_1_26' title="bbox 565 2802 2311 2954; baseline -0.001 -87"><span class='ocrx_word' id='word_1_177' title='bbox 565 2808 637 2869; x_wconf 90' lang='lat' dir='ltr'><strong>ln</strong></span> <span class='ocrx_word' id='word_1_178' title='bbox 665 2807 819 2869; x_wconf 88' lang='lat' dir='ltr'><strong>sacto</strong></span> <span class='ocrx_word' id='word_1_179' title='bbox 846 2804 1002 2884; x_wconf 78' lang='lat' dir='ltr'><strong>fidei,</strong></span> <span class='ocrx_word' id='word_1_180' title='bbox 1037 2818 1660 2893; x_wconf 88' lang='lat' dir='ltr'><strong>sacramentorumque</strong></span> <span class='ocrx_word' id='word_1_181' title='bbox 1689 2817 1748 2870; x_wconf 89' lang='lat' dir='ltr'><strong>et</strong></span> <span class='ocrx_word' id='word_1_182' title='bbox 1775 2802 2121 2892; x_wconf 87' lang='lat' dir='ltr'><strong>disciplinae</strong></span> <span class='ocrx_word' id='word_1_183' title='bbox 2143 2812 2189 2886; x_wconf 85' lang='lat'><strong>1)</strong></span> <span class='ocrx_word' id='word_1_184' title='bbox 2195 2806 2311 2954; x_wconf 80' lang='lat' dir='ltr'><strong>dju-</strong></span> 
     </span>
     <span class='ocr_line' id='line_1_27' title="bbox 395 2889 2311 2978; baseline -0.001 -26"><span class='ocrx_word' id='word_1_185' title='bbox 395 2889 661 2956; x_wconf 88' lang='lat' dir='ltr'><strong>risdictio</strong></span> <span class='ocrx_word' id='word_1_186' title='bbox 705 2892 805 2955; x_wconf 90' lang='lat' dir='ltr'><strong>illa</strong></span> <span class='ocrx_word' id='word_1_187' title='bbox 844 2916 959 2956; x_wconf 92' lang='lat' dir='ltr'><strong>non</strong></span> <span class='ocrx_word' id='word_1_188' title='bbox 1007 2916 1220 2968; x_wconf 87' lang='lat' dir='ltr'><strong>sexus,</strong></span> <span class='ocrx_word' id='word_1_189' title='bbox 1266 2916 1383 2955; x_wconf 91' lang='lat' dir='ltr'><strong>non</strong></span> <span class='ocrx_word' id='word_1_190' title='bbox 1422 2892 1646 2955; x_wconf 91' lang='lat' dir='ltr'><strong>ordinis</strong></span> <span class='ocrx_word' id='word_1_191' title='bbox 1687 2891 2152 2978; x_wconf 88' lang='lat' dir='ltr'><strong>conditionisque</strong></span> <span class='ocrx_word' id='word_1_192' title='bbox 2233 2889 2311 2952; x_wconf 88' lang='lat' dir='ltr'><strong>is-</strong></span> 
     </span>
    </p>
   </div>
   <div class='ocr_carea' id='block_1_10' title="bbox 395 3035 2055 3043">
    <p class='ocr_par' dir='ltr' id='par_1_10' title="bbox 395 3035 2055 3043">
     <span class='ocr_line' id='line_1_28' title="bbox 395 3035 2055 3043; baseline 0 -4"><span class='ocrx_word' id='word_1_193' title='bbox 395 3035 448 3040; x_wconf 70' lang='lat'><strong>--.</strong></span> <span class='ocrx_word' id='word_1_194' title='bbox 2049 3036 2055 3043; x_wconf 67' lang='lat' dir='ltr'><strong>x</strong></span> 
     </span>
    </p>
   </div>
   <div class='ocr_carea' id='block_1_11' title="bbox 395 3104 2312 3601">
    <p class='ocr_par' dir='ltr' id='par_1_11' title="bbox 395 3104 2312 3601">
     <span class='ocr_line' id='line_1_29' title="bbox 534 3104 2308 3178; baseline -0.001 -21"><span class='ocrx_word' id='word_1_195' title='bbox 534 3104 580 3178; x_wconf 86' lang='lat'><strong>1)</strong></span> <span class='ocrx_word' id='word_1_196' title='bbox 626 3106 933 3174; x_wconf 83' lang='lat' dir='ltr'><strong>Explicatum</strong></span> <span class='ocrx_word' id='word_1_197' title='bbox 963 3107 1097 3157; x_wconf 87' lang='lat' dir='ltr'><strong>vocis</strong></span> <span class='ocrx_word' id='word_1_198' title='bbox 1127 3107 1177 3157; x_wconf 92' lang='lat' dir='ltr'><strong>in</strong></span> <span class='ocrx_word' id='word_1_199' title='bbox 1208 3105 1396 3173; x_wconf 84' lang='lat' dir='ltr'><strong>legibus</strong></span> <span class='ocrx_word' id='word_1_200' title='bbox 1427 3108 1638 3173; x_wconf 87' lang='lat' dir='ltr'><strong>antiquis</strong></span> <span class='ocrx_word' id='word_1_201' title='bbox 1670 3108 1964 3174; x_wconf 87' lang='lat' dir='ltr'><strong>nequiquam</strong></span> <span class='ocrx_word' id='word_1_202' title='bbox 1997 3107 2308 3173; x_wconf 57' lang='lat' dir='ltr'><strong>quaesiveris</strong></span> 
     </span>
     <span class='ocr_line' id='line_1_30' title="bbox 395 3189 2309 3258; baseline 0 -15"><span class='ocrx_word' id='word_1_203' title='bbox 395 3194 463 3243; x_wconf 90' lang='lat' dir='ltr'><strong>De</strong></span> <span class='ocrx_word' id='word_1_204' title='bbox 502 3194 736 3245; x_wconf 85' lang='lat' dir='ltr'><strong>veneficio</strong></span> <span class='ocrx_word' id='word_1_205' title='bbox 774 3194 823 3244; x_wconf 93' lang='lat' dir='ltr'><strong>in</strong></span> <span class='ocrx_word' id='word_1_206' title='bbox 863 3193 983 3258; x_wconf 89' lang='lat' dir='ltr'><strong>Reg.</strong></span> <span class='ocrx_word' id='word_1_207' title='bbox 1026 3194 1194 3243; x_wconf 86' lang='lat' dir='ltr'><strong>Varad.</strong></span> <span class='ocrx_word' id='word_1_208' title='bbox 1237 3195 1296 3243; x_wconf 89' lang='lat' dir='ltr'><strong>ad</strong></span> <span class='ocrx_word' id='word_1_209' title='bbox 1345 3210 1395 3244; x_wconf 88' lang='lat' dir='ltr'><strong>n.</strong></span> <span class='ocrx_word' id='word_1_210' title='bbox 1441 3191 1545 3254; x_wconf 84' lang='lat'><strong>68,</strong></span> <span class='ocrx_word' id='word_1_211' title='bbox 1592 3191 1738 3255; x_wconf 83' lang='lat'><strong>151,</strong></span> <span class='ocrx_word' id='word_1_212' title='bbox 1783 3190 1935 3254; x_wconf 90' lang='grc'>236,</span> <span class='ocrx_word' id='word_1_213' title='bbox 1978 3190 2124 3254; x_wconf 78' lang='lat'>255,</span> <span class='ocrx_word' id='word_1_214' title='bbox 2171 3189 2309 3250; x_wconf 82' lang='lat'>273,</span> 
     </span>
     <span class='ocr_line' id='line_1_31' title="bbox 397 3275 2312 3344; baseline -0.002 -14"><span class='ocrx_word' id='word_1_215' title='bbox 397 3275 544 3342; x_wconf 87' lang='grc'>376,</span> <span class='ocrx_word' id='word_1_216' title='bbox 589 3276 729 3330; x_wconf 86' lang='grc'>382.</span> <span class='ocrx_word' id='word_1_217' title='bbox 785 3277 1190 3341; x_wconf 87' lang='lat' dir='ltr'><strong>Archi—Diaconi;</strong></span> <span class='ocrx_word' id='word_1_218' title='bbox 1239 3295 1288 3328; x_wconf 90' lang='lat' dir='ltr'><strong>n.</strong></span> <span class='ocrx_word' id='word_1_219' title='bbox 1333 3276 1472 3331; x_wconf 87' lang='grc'>371.</span> <span class='ocrx_word' id='word_1_220' title='bbox 1518 3281 1697 3330; x_wconf 87' lang='lat' dir='ltr'><strong>Comes</strong></span> <span class='ocrx_word' id='word_1_221' title='bbox 1738 3279 1946 3330; x_wconf 87' lang='lat' dir='ltr'><strong>Curialis</strong></span> <span class='ocrx_word' id='word_1_222' title='bbox 1977 3279 2180 3344; x_wconf 82' lang='lat' dir='ltr'><strong>judicat.</strong></span> <span class='ocrx_word' id='word_1_223' title='bbox 2226 3277 2312 3327; x_wconf 89' lang='lat' dir='ltr'><strong>Li-</strong></span> 
     </span>
     <span class='ocr_line' id='line_1_32' title="bbox 395 3358 2305 3435; baseline -0.002 -21"><span class='ocrx_word' id='word_1_224' title='bbox 395 3373 527 3414; x_wconf 86' lang='lat' dir='ltr'><strong>terae</strong></span> <span class='ocrx_word' id='word_1_225' title='bbox 566 3366 800 3431; x_wconf 89' lang='lat' dir='ltr'><strong>Episcopi</strong></span> <span class='ocrx_word' id='word_1_226' title='bbox 832 3365 1052 3430; x_wconf 85' lang='lat' dir='ltr'><strong>Transyl.</strong></span> <span class='ocrx_word' id='word_1_227' title='bbox 1087 3362 1235 3435; x_wconf 81' lang='lat' dir='ltr'><strong>(Pray</strong></span> <span class='ocrx_word' id='word_1_228' title='bbox 1266 3365 1453 3416; x_wconf 86' lang='lat' dir='ltr'><strong>Hierar.</strong></span> <span class='ocrx_word' id='word_1_229' title='bbox 1490 3383 1540 3431; x_wconf 91' lang='lat' dir='ltr'><strong>p.</strong></span> <span class='ocrx_word' id='word_1_230' title='bbox 1573 3364 1627 3416; x_wconf 86' lang='grc'>2.</span> <span class='ocrx_word' id='word_1_231' title='bbox 1666 3381 1777 3431; x_wconf 85' lang='lat' dir='ltr'><strong>pag.</strong></span> <span class='ocrx_word' id='word_1_232' title='bbox 1810 3361 1961 3434; x_wconf 79' lang='lat'>253)</span> <span class='ocrx_word' id='word_1_233' title='bbox 1992 3365 2122 3415; x_wconf 88' lang='lat' dir='ltr'><strong>de-a.</strong></span> <span class='ocrx_word' id='word_1_234' title='bbox 2150 3358 2305 3414; x_wconf 88' lang='grc'>1213</span> 
     </span>
     <span class='ocr_line' id='line_1_33' title="bbox 398 3448 2309 3516; baseline -0.002 -16"><span class='ocrx_word' id='word_1_235' title='bbox 398 3466 693 3508; x_wconf 78' lang='lat' dir='ltr'><strong>„causarum</strong></span> <span class='ocrx_word' id='word_1_236' title='bbox 736 3452 879 3502; x_wconf 85' lang='lat' dir='ltr'><strong>etiam</strong></span> <span class='ocrx_word' id='word_1_237' title='bbox 922 3451 1323 3503; x_wconf 87' lang='lat' dir='ltr'><strong>criminalium</strong></span> <span class='ocrx_word' id='word_1_238' title='bbox 1358 3452 1798 3513; x_wconf 78' lang='lat' dir='ltr'><strong>,‚meminerunt‚“</strong></span> <span class='ocrx_word' id='word_1_239' title='bbox 1831 3466 1954 3516; x_wconf 86' lang='lat' dir='ltr'><strong>quae</strong></span> <span class='ocrx_word' id='word_1_240' title='bbox 1985 3451 2044 3500; x_wconf 88' lang='lat' dir='ltr'><strong>ad</strong></span> <span class='ocrx_word' id='word_1_241' title='bbox 2076 3448 2309 3499; x_wconf 85' lang='lat' dir='ltr'><strong>sacerdo-</strong></span> 
     </span>
     <span class='ocr_line' id='line_1_34' title="bbox 397 3536 1235 3601; baseline 0.005 -18"><span class='ocrx_word' id='word_1_242' title='bbox 397 3543 499 3585; x_wconf 82' lang='lat' dir='ltr'><strong>tum</strong></span> <span class='ocrx_word' id='word_1_243' title='bbox 530 3536 776 3600; x_wconf 82' lang='lat' dir='ltr'><strong>pertinent</strong></span> <span class='ocrx_word' id='word_1_244' title='bbox 806 3536 1235 3601; x_wconf 82' lang='lat' dir='ltr'><strong>dispositionem.“</strong></span> 
     </span>
    </p>
   </div>
  </div>
 </body>
</html>
