<?xml version="1.0" encoding="UTF-8"?>
<!DOCTYPE html PUBLIC "-//W3C//DTD XHTML 1.0 Transitional//EN"
    "http://www.w3.org/TR/xhtml1/DTD/xhtml1-transitional.dtd">
<html xmlns="http://www.w3.org/1999/xhtml" xml:lang="en" lang="en">
 <head>
  <title>
</title>
<meta http-equiv="Content-Type" content="text/html;charset=utf-8" />
  <meta name='ocr-system' content='tesseract 3.04.00' />
  <meta name='ocr-capabilities' content='ocr_page ocr_carea ocr_par ocr_line ocrx_word'/>
</head>
<body>
  <div class='ocr_page' id='page_1' title='image "./commentariorumad01bart_0258.png"; bbox 0 0 2384 3886; ppageno 0'>
   <div class='ocr_carea' id='block_1_1' title="bbox 372 227 496 287">
    <p class='ocr_par' dir='ltr' id='par_1_1' title="bbox 372 227 496 287">
     <span class='ocr_line' id='line_1_1' title="bbox 372 227 496 287; baseline 0.016 -2"><span class='ocrx_word' id='word_1_1' title='bbox 372 227 496 287; x_wconf 81' lang='lat'>250</span> 
     </span>
    </p>
   </div>
   <div class='ocr_carea' id='block_1_2' title="bbox 369 357 2378 873">
    <p class='ocr_par' dir='ltr' id='par_1_2' title="bbox 370 357 2378 454">
     <span class='ocr_line' id='line_1_2' title="bbox 370 357 2378 454; baseline 0.003 -26"><span class='ocrx_word' id='word_1_2' title='bbox 370 367 570 428; x_wconf 90' lang='lat' dir='ltr'>nullus</span> <span class='ocrx_word' id='word_1_3' title='bbox 606 364 841 427; x_wconf 90' lang='lat' dir='ltr'>omnino</span> <span class='ocrx_word' id='word_1_4' title='bbox 885 366 1189 426; x_wconf 88' lang='lat' dir='ltr'>Baronum</span> <span class='ocrx_word' id='word_1_5' title='bbox 1224 376 1592 442; x_wconf 85' lang='lat' dir='ltr'>nostrorum,</span> <span class='ocrx_word' id='word_1_6' title='bbox 1658 369 2007 452; x_wconf 87' lang='lat' dir='ltr'>quacunque</span> <span class='ocrx_word' id='word_1_7' title='bbox 2045 357 2297 454; x_wconf 77' lang='lat' dir='ltr'>praeful-</span> <span class='ocrx_word' id='word_1_8' title='bbox 2370 383 2378 417; x_wconf 77' lang='lat'><strong><em>5</em></strong></span> 
     </span>
    </p>

    <p class='ocr_par' dir='ltr' id='par_1_3' title="bbox 369 449 2298 873">
     <span class='ocr_line' id='line_1_3' title="bbox 418 449 2297 538; baseline 0.003 -25"><span class='ocrx_word' id='word_1_9' title='bbox 418 463 514 514; x_wconf 90' lang='lat' dir='ltr'>eat</span> <span class='ocrx_word' id='word_1_10' title='bbox 559 450 881 535; x_wconf 82' lang='lat' dir='ltr'>dignitate,</span> <span class='ocrx_word' id='word_1_11' title='bbox 944 472 1128 536; x_wconf 92' lang='lat' dir='ltr'>super</span> <span class='ocrx_word' id='word_1_12' title='bbox 1171 449 1345 513; x_wconf 90' lang='lat' dir='ltr'>bonis</span> <span class='ocrx_word' id='word_1_13' title='bbox 1392 463 1453 513; x_wconf 86' lang='lat' dir='ltr'>et</span> <span class='ocrx_word' id='word_1_14' title='bbox 1494 451 1985 538; x_wconf 83' lang='lat' dir='ltr'>possessionibus</span> <span class='ocrx_word' id='word_1_15' title='bbox 2026 455 2297 519; x_wconf 85' lang='lat' dir='ltr'>Eclesiae</span> 
     </span>
     <span class='ocr_line' id='line_1_4' title="bbox 370 475 2298 623; baseline 0.003 -24"><span class='ocrx_word' id='word_1_16' title='bbox 370 475 794 599; x_wconf 49' lang='lat' dir='ltr'>descensum</span> <span class='ocrx_word' id='word_1_17' title='bbox 858 534 1057 598; x_wconf 87' lang='lat' dir='ltr'>facere</span> <span class='ocrx_word' id='word_1_18' title='bbox 1107 535 1382 599; x_wconf 85' lang='lat' dir='ltr'>audeat.“</span> <span class='ocrx_word' id='word_1_19' title='bbox 1440 536 1612 613; x_wconf 82' lang='lat' dir='ltr'>Quod</span> <span class='ocrx_word' id='word_1_20' title='bbox 1655 537 1831 623; x_wconf 89' lang='lat' dir='ltr'>paulo</span> <span class='ocrx_word' id='word_1_21' title='bbox 1868 537 2044 600; x_wconf 88' lang='lat' dir='ltr'>etiam</span> <span class='ocrx_word' id='word_1_22' title='bbox 2080 538 2298 605; x_wconf 86' lang='lat' dir='ltr'>clarius</span> 
     </span>
     <span class='ocr_line' id='line_1_5' title="bbox 370 619 2296 709; baseline 0.002 -25"><span class='ocrx_word' id='word_1_23' title='bbox 370 634 497 697; x_wconf 83' lang='lat' dir='ltr'>est,</span> <span class='ocrx_word' id='word_1_24' title='bbox 553 643 727 706; x_wconf 88' lang='lat' dir='ltr'>quam</span> <span class='ocrx_word' id='word_1_25' title='bbox 765 619 911 683; x_wconf 90' lang='lat' dir='ltr'>illud</span> <span class='ocrx_word' id='word_1_26' title='bbox 949 621 1251 684; x_wconf 87' lang='lat' dir='ltr'>Marculfi:</span> <span class='ocrx_word' id='word_1_27' title='bbox 1300 645 1375 685; x_wconf 93' lang='lat' dir='ltr'>ne</span> <span class='ocrx_word' id='word_1_28' title='bbox 1405 623 1593 709; x_wconf 81' lang='lat' dir='ltr'>judex</span> <span class='ocrx_word' id='word_1_29' title='bbox 1629 621 1902 709; x_wconf 88' lang='lat' dir='ltr'>publicus</span> <span class='ocrx_word' id='word_1_30' title='bbox 1936 623 2296 703; x_wconf 76' lang='lat' dir='ltr'>mansiones,</span> 
     </span>
     <span class='ocr_line' id='line_1_6' title="bbox 369 705 2297 797; baseline 0.002 -28"><span class='ocrx_word' id='word_1_31' title='bbox 369 718 472 769; x_wconf 88' lang='lat' dir='ltr'>aut</span> <span class='ocrx_word' id='word_1_32' title='bbox 498 719 742 792; x_wconf 90' lang='lat' dir='ltr'>paratas</span> <span class='ocrx_word' id='word_1_33' title='bbox 763 707 859 770; x_wconf 87' lang='lat' dir='ltr'>vel</span> <span class='ocrx_word' id='word_1_34' title='bbox 882 705 1299 794; x_wconf 86' lang='lat' dir='ltr'>fidejussiones</span> <span class='ocrx_word' id='word_1_35' title='bbox 1322 707 1384 770; x_wconf 91' lang='lat' dir='ltr'>in</span> <span class='ocrx_word' id='word_1_36' title='bbox 1409 709 1565 771; x_wconf 89' lang='lat' dir='ltr'>villis</span> <span class='ocrx_word' id='word_1_37' title='bbox 1586 708 1863 773; x_wconf 85' lang='lat' dir='ltr'>Eclesiae</span> <span class='ocrx_word' id='word_1_38' title='bbox 1894 709 2106 773; x_wconf 88' lang='lat' dir='ltr'>tollere</span> <span class='ocrx_word' id='word_1_39' title='bbox 2128 732 2297 797; x_wconf 89' lang='lat' dir='ltr'>prae·</span> 
     </span>
     <span class='ocr_line' id='line_1_7' title="bbox 371 798 707 873; baseline -0.003 -18"><span class='ocrx_word' id='word_1_40' title='bbox 371 805 645 856; x_wconf 88' lang='lat' dir='ltr'>summat.</span> <span class='ocrx_word' id='word_1_41' title='bbox 660 798 707 873; x_wconf 81' lang='grc' dir='ltr'>ι)</span> 
     </span>
    </p>
   </div>
   <div class='ocr_carea' id='block_1_3' title="bbox 505 1007 1417 1074">
    <p class='ocr_par' dir='ltr' id='par_1_4' title="bbox 505 1007 1417 1074">
     <span class='ocr_line' id='line_1_8' title="bbox 505 1007 1417 1074; baseline 0.001 -15"><span class='ocrx_word' id='word_1_42' title='bbox 505 1011 548 1070; x_wconf 86' lang='lat'>¹)</span> <span class='ocrx_word' id='word_1_43' title='bbox 594 1009 732 1074; x_wconf 86' lang='lat' dir='ltr'><strong>Apud</strong></span> <span class='ocrx_word' id='word_1_44' title='bbox 762 1009 1011 1059; x_wconf 86' lang='lat' dir='ltr'>Baluzium</span> <span class='ocrx_word' id='word_1_45' title='bbox 1043 1009 1075 1059; x_wconf 87' lang='lat'>1.</span> <span class='ocrx_word' id='word_1_46' title='bbox 1110 1010 1147 1058; x_wconf 95' lang='grc' dir='ltr'>Ι.</span> <span class='ocrx_word' id='word_1_47' title='bbox 1184 1010 1325 1059; x_wconf 85' lang='lat' dir='ltr'>form.</span> <span class='ocrx_word' id='word_1_48' title='bbox 1363 1007 1417 1060; x_wconf 88' lang='grc'>3.</span> 
     </span>
    </p>
   </div>
   <div class='ocr_carea' id='block_1_4' title="bbox 1234 1220 1419 1295">
    <p class='ocr_par' dir='ltr' id='par_1_5' title="bbox 1234 1220 1419 1295">
     <span class='ocr_line' id='line_1_9' title="bbox 1234 1220 1419 1295; baseline -0.011 -17"><span class='ocrx_word' id='word_1_49' title='bbox 1234 1220 1276 1295; x_wconf 80' lang='lat'><em>§</em></span> <span class='ocrx_word' id='word_1_50' title='bbox 1320 1222 1419 1278; x_wconf 82' lang='lat'>62.</span> 
     </span>
    </p>
   </div>
   <div class='ocr_carea' id='block_1_5' title="bbox 368 1386 2301 1541">
    <p class='ocr_par' dir='ltr' id='par_1_6' title="bbox 368 1386 2301 1541">
     <span class='ocr_line' id='line_1_10' title="bbox 368 1386 2301 1453; baseline 0.004 -18"><span class='ocrx_word' id='word_1_51' title='bbox 368 1386 616 1437; x_wconf 79' lang='lat' dir='ltr'>Praeter</span> <span class='ocrx_word' id='word_1_52' title='bbox 656 1387 996 1437; x_wconf 88' lang='lat' dir='ltr'>communia</span> <span class='ocrx_word' id='word_1_53' title='bbox 1031 1387 1201 1449; x_wconf 78' lang='lat' dir='ltr'>haec,</span> <span class='ocrx_word' id='word_1_54' title='bbox 1263 1387 1559 1453; x_wconf 81' lang='lat' dir='ltr'>specialia</span> <span class='ocrx_word' id='word_1_55' title='bbox 1596 1390 1736 1440; x_wconf 89' lang='lat' dir='ltr'>item</span> <span class='ocrx_word' id='word_1_56' title='bbox 1773 1392 2086 1442; x_wconf 88' lang='lat' dir='ltr'>nonnullis</span> <span class='ocrx_word' id='word_1_57' title='bbox 2122 1392 2301 1442; x_wconf 88' lang='lat' dir='ltr'>Ecle—</span> 
     </span>
     <span class='ocr_line' id='line_1_11' title="bbox 925 1472 1740 1541; baseline 0.004 -19"><span class='ocrx_word' id='word_1_58' title='bbox 925 1473 1064 1535; x_wconf 80' lang='lat' dir='ltr'>siis,</span> <span class='ocrx_word' id='word_1_59' title='bbox 1125 1472 1455 1539; x_wconf 87' lang='lat' dir='ltr'>Episcopis</span> <span class='ocrx_word' id='word_1_60' title='bbox 1500 1490 1740 1541; x_wconf 85' lang='lat' dir='ltr'>nempe,</span> 
     </span>
    </p>
   </div>
   <div class='ocr_carea' id='block_1_6' title="bbox 366 1620 2383 2994">
    <p class='ocr_par' dir='ltr' id='par_1_7' title="bbox 366 1620 2383 2994">
     <span class='ocr_line' id='line_1_12' title="bbox 538 1620 2300 1693; baseline 0.003 -10"><span class='ocrx_word' id='word_1_61' title='bbox 538 1623 708 1684; x_wconf 90' lang='lat' dir='ltr'>Haec</span> <span class='ocrx_word' id='word_1_62' title='bbox 745 1620 816 1684; x_wconf 88' lang='lat' dir='ltr'>de</span> <span class='ocrx_word' id='word_1_63' title='bbox 850 1621 1259 1684; x_wconf 88' lang='lat' dir='ltr'>communibus</span> <span class='ocrx_word' id='word_1_64' title='bbox 1300 1622 1557 1685; x_wconf 88' lang='lat' dir='ltr'>omnium</span> <span class='ocrx_word' id='word_1_65' title='bbox 1595 1623 2021 1687; x_wconf 81' lang='lat' dir='ltr'>cathedralium</span> <span class='ocrx_word' id='word_1_66' title='bbox 2055 1626 2300 1693; x_wconf 89' lang='lat' dir='ltr'>eclesia-</span> 
     </span>
     <span class='ocr_line' id='line_1_13' title="bbox 367 1705 2301 1794; baseline 0.003 -26"><span class='ocrx_word' id='word_1_67' title='bbox 367 1729 499 1768; x_wconf 88' lang='lat' dir='ltr'>rum</span> <span class='ocrx_word' id='word_1_68' title='bbox 513 1707 751 1793; x_wconf 88' lang='lat' dir='ltr'>juribus</span> <span class='ocrx_word' id='word_1_69' title='bbox 779 1705 1095 1779; x_wconf 84' lang='lat' dir='ltr'>hactenus;</span> <span class='ocrx_word' id='word_1_70' title='bbox 1134 1731 1270 1770; x_wconf 87' lang='lat' dir='ltr'>nam</span> <span class='ocrx_word' id='word_1_71' title='bbox 1297 1707 1450 1794; x_wconf 90' lang='lat' dir='ltr'>quod</span> <span class='ocrx_word' id='word_1_72' title='bbox 1478 1708 1686 1772; x_wconf 87' lang='lat' dir='ltr'>literae</span> <span class='ocrx_word' id='word_1_73' title='bbox 1714 1709 1852 1772; x_wconf 82' lang='lat' dir='ltr'>illae</span> <span class='ocrx_word' id='word_1_74' title='bbox 1879 1711 2063 1774; x_wconf 88' lang='lat' dir='ltr'>Belae</span> <span class='ocrx_word' id='word_1_75' title='bbox 2084 1715 2191 1773; x_wconf 87' lang='grc' dir='ltr'>ΙΙΙ.</span> <span class='ocrx_word' id='word_1_76' title='bbox 2230 1712 2301 1774; x_wconf 89' lang='lat' dir='ltr'>de</span> 
     </span>
     <span class='ocr_line' id='line_1_14' title="bbox 369 1793 2304 1884; baseline 0.003 -30"><span class='ocrx_word' id='word_1_77' title='bbox 369 1793 586 1855; x_wconf 89' lang='lat' dir='ltr'>collata</span> <span class='ocrx_word' id='word_1_78' title='bbox 620 1805 935 1880; x_wconf 86' lang='lat' dir='ltr'>praeterea</span> <span class='ocrx_word' id='word_1_79' title='bbox 965 1793 1201 1880; x_wconf 91' lang='lat' dir='ltr'>populis</span> <span class='ocrx_word' id='word_1_80' title='bbox 1235 1793 1291 1856; x_wconf 90' lang='lat' dir='ltr'>b.</span> <span class='ocrx_word' id='word_1_81' title='bbox 1333 1794 1503 1856; x_wconf 89' lang='lat' dir='ltr'>Petri</span> <span class='ocrx_word' id='word_1_82' title='bbox 1539 1795 2165 1882; x_wconf 81' lang='lat' dir='ltr'>Quinqueeclesiensis</span> <span class='ocrx_word' id='word_1_83' title='bbox 2195 1821 2304 1884; x_wconf 92' lang='lat' dir='ltr'>per</span> 
     </span>
     <span class='ocr_line' id='line_1_15' title="bbox 366 1879 2302 1970; baseline 0.004 -31"><span class='ocrx_word' id='word_1_84' title='bbox 366 1902 622 1964; x_wconf 89' lang='lat' dir='ltr'>regnum</span> <span class='ocrx_word' id='word_1_85' title='bbox 655 1880 1123 1943; x_wconf 79' lang='lat' dir='ltr'>commeantibus</span> <span class='ocrx_word' id='word_1_86' title='bbox 1150 1879 1354 1943; x_wconf 88' lang='lat' dir='ltr'>telonii</span> <span class='ocrx_word' id='word_1_87' title='bbox 1381 1879 1751 1944; x_wconf 86' lang='lat' dir='ltr'>immunitate</span> <span class='ocrx_word' id='word_1_88' title='bbox 1774 1881 2014 1960; x_wconf 80' lang='lat' dir='ltr'>habent,</span> <span class='ocrx_word' id='word_1_89' title='bbox 2049 1907 2121 1946; x_wconf 87' lang='lat' dir='ltr'>ex</span> <span class='ocrx_word' id='word_1_90' title='bbox 2147 1906 2224 1970; x_wconf 93' lang='lat' dir='ltr'>sp</span> <span class='ocrx_word' id='word_1_91' title='bbox 2238 1907 2302 1946; x_wconf 88' lang='lat' dir='ltr'>e—</span> 
     </span>
     <span class='ocr_line' id='line_1_16' title="bbox 370 1963 2305 2053; baseline 0.004 -29"><span class='ocrx_word' id='word_1_92' title='bbox 370 1963 671 2027; x_wconf 85' lang='lat' dir='ltr'>cialibus</span> <span class='ocrx_word' id='word_1_93' title='bbox 703 1964 1038 2051; x_wconf 90' lang='lat' dir='ltr'>privilegiis</span> <span class='ocrx_word' id='word_1_94' title='bbox 1067 1977 1186 2043; x_wconf 87' lang='lat' dir='ltr'>est,</span> <span class='ocrx_word' id='word_1_95' title='bbox 1236 1987 1385 2051; x_wconf 90' lang='lat' dir='ltr'>quae</span> <span class='ocrx_word' id='word_1_96' title='bbox 1418 1965 1689 2053; x_wconf 92' lang='lat' dir='ltr'>pluribus</span> <span class='ocrx_word' id='word_1_97' title='bbox 1713 1967 1852 2031; x_wconf 87' lang='lat' dir='ltr'>licet</span> <span class='ocrx_word' id='word_1_98' title='bbox 1876 1968 2305 2032; x_wconf 87' lang='lat' dir='ltr'>communicata</span> 
     </span>
     <span class='ocr_line' id='line_1_17' title="bbox 369 2050 2303 2126; baseline 0.002 -12"><span class='ocrx_word' id='word_1_99' title='bbox 369 2050 656 2126; x_wconf 78' lang='lat' dir='ltr'>Eclesiis,</span> <span class='ocrx_word' id='word_1_100' title='bbox 702 2063 975 2112; x_wconf 89' lang='lat' dir='ltr'>naturam</span> <span class='ocrx_word' id='word_1_101' title='bbox 1017 2074 1135 2113; x_wconf 92' lang='lat' dir='ltr'>non</span> <span class='ocrx_word' id='word_1_102' title='bbox 1170 2063 1403 2114; x_wconf 87' lang='lat' dir='ltr'>mutant</span> <span class='ocrx_word' id='word_1_103' title='bbox 1434 2075 1620 2114; x_wconf 92' lang='lat' dir='ltr'>suam.</span> <span class='ocrx_word' id='word_1_104' title='bbox 1676 2056 1909 2116; x_wconf 90' lang='lat' dir='ltr'>Horum</span> <span class='ocrx_word' id='word_1_105' title='bbox 1948 2055 2115 2117; x_wconf 87' lang='lat' dir='ltr'>varia</span> <span class='ocrx_word' id='word_1_106' title='bbox 2161 2067 2303 2117; x_wconf 92' lang='lat' dir='ltr'>sunt</span> 
     </span>
     <span class='ocr_line' id='line_1_18' title="bbox 372 2135 2302 2226; baseline 0.003 -28"><span class='ocrx_word' id='word_1_107' title='bbox 372 2159 600 2221; x_wconf 86' lang='lat' dir='ltr'>genera</span> <span class='ocrx_word' id='word_1_108' title='bbox 643 2135 938 2222; x_wconf 84' lang='lat' dir='ltr'>religione</span> <span class='ocrx_word' id='word_1_109' title='bbox 984 2136 1140 2213; x_wconf 84' lang='lat' dir='ltr'>voti,</span> <span class='ocrx_word' id='word_1_110' title='bbox 1198 2150 1300 2200; x_wconf 90' lang='lat' dir='ltr'>aut</span> <span class='ocrx_word' id='word_1_111' title='bbox 1348 2136 1407 2198; x_wconf 90' lang='lat' dir='ltr'>in</span> <span class='ocrx_word' id='word_1_112' title='bbox 1451 2138 1775 2224; x_wconf 88' lang='lat' dir='ltr'>praemium</span> <span class='ocrx_word' id='word_1_113' title='bbox 1810 2139 2139 2226; x_wconf 88' lang='lat' dir='ltr'>singularis</span> <span class='ocrx_word' id='word_1_114' title='bbox 2182 2163 2302 2203; x_wconf 90' lang='lat' dir='ltr'>me-</span> 
     </span>
     <span class='ocr_line' id='line_1_19' title="bbox 368 2220 2313 2310; baseline 0.003 -28"><span class='ocrx_word' id='word_1_115' title='bbox 368 2220 468 2283; x_wconf 90' lang='lat' dir='ltr'>riti</span> <span class='ocrx_word' id='word_1_116' title='bbox 493 2223 930 2298; x_wconf 84' lang='lat' dir='ltr'>Praelatorum‚</span> <span class='ocrx_word' id='word_1_117' title='bbox 967 2246 1075 2310; x_wconf 87' lang='lat' dir='ltr'>per</span> <span class='ocrx_word' id='word_1_118' title='bbox 1098 2225 1303 2308; x_wconf 86' lang='lat' dir='ltr'>Reges</span> <span class='ocrx_word' id='word_1_119' title='bbox 1335 2223 1592 2287; x_wconf 83' lang='lat' dir='ltr'>Eclesiis</span> <span class='ocrx_word' id='word_1_120' title='bbox 1631 2225 1931 2287; x_wconf 90' lang='lat' dir='ltr'>nonnullis</span> <span class='ocrx_word' id='word_1_121' title='bbox 1969 2225 2204 2302; x_wconf 82' lang='lat' dir='ltr'>donata,</span> <span class='ocrx_word' id='word_1_122' title='bbox 2241 2224 2313 2287; x_wconf 85' lang='lat' dir='ltr'>in-</span> 
     </span>
     <span class='ocr_line' id='line_1_20' title="bbox 370 2306 2372 2399; baseline 0.002 -31"><span class='ocrx_word' id='word_1_123' title='bbox 370 2306 584 2393; x_wconf 86' lang='lat' dir='ltr'>quibus</span> <span class='ocrx_word' id='word_1_124' title='bbox 622 2308 734 2372; x_wconf 94' lang='lat' dir='ltr'>soli</span> <span class='ocrx_word' id='word_1_125' title='bbox 773 2307 977 2370; x_wconf 89' lang='lat' dir='ltr'>itidem</span> <span class='ocrx_word' id='word_1_126' title='bbox 1012 2308 1335 2395; x_wconf 83' lang='lat' dir='ltr'>Metropoli</span> <span class='ocrx_word' id='word_1_127' title='bbox 1385 2308 1792 2395; x_wconf 72' lang='lat' dir='ltr'>strigoniensi</span> <span class='ocrx_word' id='word_1_128' title='bbox 1836 2311 1889 2373; x_wconf 92' lang='lat' dir='ltr'>is</span> <span class='ocrx_word' id='word_1_129' title='bbox 1941 2335 2177 2399; x_wconf 84' lang='lat' dir='ltr'>semper</span> <span class='ocrx_word' id='word_1_130' title='bbox 2198 2310 2301 2373; x_wconf 89' lang='lat' dir='ltr'>ha-</span> <span class='ocrx_word' id='word_1_131' title='bbox 2368 2332 2372 2333; x_wconf 68' lang='grc'><em>’</em></span> 
     </span>
     <span class='ocr_line' id='line_1_21' title="bbox 367 2393 2302 2483; baseline 0.002 -27"><span class='ocrx_word' id='word_1_132' title='bbox 367 2394 531 2458; x_wconf 86' lang='lat' dir='ltr'>bitus</span> <span class='ocrx_word' id='word_1_133' title='bbox 568 2393 760 2458; x_wconf 89' lang='lat' dir='ltr'>honor</span> <span class='ocrx_word' id='word_1_134' title='bbox 800 2407 925 2457; x_wconf 87' lang='lat' dir='ltr'>est:</span> <span class='ocrx_word' id='word_1_135' title='bbox 996 2393 1142 2456; x_wconf 92' lang='lat' dir='ltr'>nihil</span> <span class='ocrx_word' id='word_1_136' title='bbox 1186 2407 1253 2457; x_wconf 93' lang='lat' dir='ltr'>ut</span> <span class='ocrx_word' id='word_1_137' title='bbox 1289 2408 1453 2458; x_wconf 88' lang='lat' dir='ltr'>esset</span> <span class='ocrx_word' id='word_1_138' title='bbox 1499 2395 1848 2482; x_wconf 82' lang='lat' dir='ltr'>quidquam,</span> <span class='ocrx_word' id='word_1_139' title='bbox 1914 2397 2068 2483; x_wconf 89' lang='lat' dir='ltr'>quod</span> <span class='ocrx_word' id='word_1_140' title='bbox 2126 2397 2302 2460; x_wconf 89' lang='lat' dir='ltr'>alicui</span> 
     </span>
     <span class='ocr_line' id='line_1_22' title="bbox 366 2479 2364 2570; baseline 0.002 -28"><span class='ocrx_word' id='word_1_141' title='bbox 366 2503 476 2567; x_wconf 92' lang='lat' dir='ltr'>per</span> <span class='ocrx_word' id='word_1_142' title='bbox 511 2479 794 2544; x_wconf 90' lang='lat' dir='ltr'>ambitum</span> <span class='ocrx_word' id='word_1_143' title='bbox 824 2480 1001 2566; x_wconf 89' lang='lat' dir='ltr'>regni</span> <span class='ocrx_word' id='word_1_144' title='bbox 1035 2504 1386 2544; x_wconf 89' lang='lat' dir='ltr'>concessum</span> <span class='ocrx_word' id='word_1_145' title='bbox 1418 2481 1719 2560; x_wconf 83' lang='lat' dir='ltr'>Eclesiae,</span> <span class='ocrx_word' id='word_1_146' title='bbox 1754 2507 1872 2546; x_wconf 89' lang='lat' dir='ltr'>non</span> <span class='ocrx_word' id='word_1_147' title='bbox 1899 2482 2037 2565; x_wconf 88' lang='lat' dir='ltr'>huic</span> <span class='ocrx_word' id='word_1_148' title='bbox 2077 2483 2302 2570; x_wconf 87' lang='lat' dir='ltr'>pariter</span> <span class='ocrx_word' id='word_1_149' title='bbox 2363 2527 2364 2530; x_wconf 55' lang='lat'><em>=</em></span> 
     </span>
     <span class='ocr_line' id='line_1_23' title="bbox 366 2566 2300 2656; baseline 0.002 -28"><span class='ocrx_word' id='word_1_150' title='bbox 366 2566 760 2640; x_wconf 82' lang='lat' dir='ltr'>tribueretur3</span> <span class='ocrx_word' id='word_1_151' title='bbox 797 2566 960 2630; x_wconf 86' lang='lat' dir='ltr'>velut</span> <span class='ocrx_word' id='word_1_152' title='bbox 991 2590 1141 2653; x_wconf 89' lang='lat' dir='ltr'>quae</span> <span class='ocrx_word' id='word_1_153' title='bbox 1184 2567 1378 2630; x_wconf 90' lang='lat' dir='ltr'>locum</span> <span class='ocrx_word' id='word_1_154' title='bbox 1408 2566 1678 2654; x_wconf 88' lang='lat' dir='ltr'>primatis</span> <span class='ocrx_word' id='word_1_155' title='bbox 1710 2572 1836 2654; x_wconf 88' lang='lat' dir='ltr'>jam</span> <span class='ocrx_word' id='word_1_156' title='bbox 1880 2593 1916 2632; x_wconf 89' lang='lat' dir='ltr'>a</span> <span class='ocrx_word' id='word_1_157' title='bbox 1955 2568 2006 2633; x_wconf 90' lang='lat' dir='ltr'>d.</span> <span class='ocrx_word' id='word_1_158' title='bbox 2027 2568 2300 2656; x_wconf 56' lang='lat' dir='ltr'>xStepha-</span> 
     </span>
     <span class='ocr_line' id='line_1_24' title="bbox 367 2652 2383 2738; baseline 0.001 -25"><span class='ocrx_word' id='word_1_159' title='bbox 367 2675 445 2715; x_wconf 94' lang='lat' dir='ltr'>no</span> <span class='ocrx_word' id='word_1_160' title='bbox 471 2652 680 2731; x_wconf 78' lang='lat' dir='ltr'>tenuit,</span> <span class='ocrx_word' id='word_1_161' title='bbox 712 2655 956 2738; x_wconf 87' lang='lat' dir='ltr'>cujusve</span> <span class='ocrx_word' id='word_1_162' title='bbox 970 2652 1274 2730; x_wconf 80' lang='lat' dir='ltr'>AntisteS‚</span> <span class='ocrx_word' id='word_1_163' title='bbox 1309 2665 1518 2718; x_wconf 92' lang='lat' dir='ltr'>utrem</span> <span class='ocrx_word' id='word_1_164' title='bbox 1537 2654 1739 2716; x_wconf 86' lang='lat' dir='ltr'>verbis</span> <span class='ocrx_word' id='word_1_165' title='bbox 1754 2656 1937 2719; x_wconf 88' lang='lat' dir='ltr'>Belae</span> <span class='ocrx_word' id='word_1_166' title='bbox 1957 2659 2064 2720; x_wconf 80' lang='lat' dir='ltr'>lV.</span> <span class='ocrx_word' id='word_1_167' title='bbox 2093 2653 2299 2729; x_wconf 86' lang='lat' dir='ltr'>dicam,</span> <span class='ocrx_word' id='word_1_168' title='bbox 2368 2656 2383 2723; x_wconf 69' lang='lat' dir='ltr'>J</span> 
     </span>
     <span class='ocr_line' id='line_1_25' title="bbox 370 2738 2299 2827; baseline 0.002 -28"><span class='ocrx_word' id='word_1_169' title='bbox 370 2762 486 2814; x_wconf 80' lang='lat' dir='ltr'>„ex</span> <span class='ocrx_word' id='word_1_170' title='bbox 518 2751 807 2826; x_wconf 87' lang='lat' dir='ltr'>perpetua</span> <span class='ocrx_word' id='word_1_171' title='bbox 842 2738 1269 2802; x_wconf 88' lang='lat' dir='ltr'>consuetudine</span> <span class='ocrx_word' id='word_1_172' title='bbox 1301 2764 1455 2802; x_wconf 89' lang='lat' dir='ltr'>unus</span> <span class='ocrx_word' id='word_1_173' title='bbox 1492 2764 1524 2802; x_wconf 89' lang='lat' dir='ltr'>e</span> <span class='ocrx_word' id='word_1_174' title='bbox 1561 2740 1767 2826; x_wconf 88' lang='lat' dir='ltr'>primis</span> <span class='ocrx_word' id='word_1_175' title='bbox 1805 2754 1963 2819; x_wconf 89' lang='lat' dir='ltr'>erat,</span> <span class='ocrx_word' id='word_1_176' title='bbox 2011 2741 2109 2827; x_wconf 88' lang='lat' dir='ltr'>qui</span> <span class='ocrx_word' id='word_1_177' title='bbox 2145 2740 2299 2826; x_wconf 87' lang='lat' dir='ltr'>Regi</span> 
     </span>
     <span class='ocr_line' id='line_1_26' title="bbox 370 2823 2301 2914; baseline 0.002 -29"><span class='ocrx_word' id='word_1_178' title='bbox 370 2823 619 2886; x_wconf 91' lang='lat' dir='ltr'>consilio</span> <span class='ocrx_word' id='word_1_179' title='bbox 663 2836 722 2886; x_wconf 88' lang='lat' dir='ltr'>et</span> <span class='ocrx_word' id='word_1_180' title='bbox 758 2823 1009 2901; x_wconf 79' lang='lat' dir='ltr'>auxilio,</span> <span class='ocrx_word' id='word_1_181' title='bbox 1067 2823 1125 2886; x_wconf 90' lang='lat' dir='ltr'>in</span> <span class='ocrx_word' id='word_1_182' title='bbox 1168 2825 1443 2888; x_wconf 91' lang='lat' dir='ltr'>omnibus</span> <span class='ocrx_word' id='word_1_183' title='bbox 1507 2825 1711 2889; x_wconf 87' lang='lat' dir='ltr'>arduis</span> <span class='ocrx_word' id='word_1_184' title='bbox 1755 2839 1815 2890; x_wconf 92' lang='lat' dir='ltr'>et</span> <span class='ocrx_word' id='word_1_185' title='bbox 1849 2827 2101 2891; x_wconf 90' lang='lat' dir='ltr'>secretis</span> <span class='ocrx_word' id='word_1_186' title='bbox 2128 2826 2301 2914; x_wconf 88' lang='lat' dir='ltr'>regni</span> 
     </span>
     <span class='ocr_line' id='line_1_27' title="bbox 371 2909 1964 2994; baseline 0.002 -24"><span class='ocrx_word' id='word_1_187' title='bbox 371 2909 636 2994; x_wconf 85' lang='lat' dir='ltr'>negotiis</span> <span class='ocrx_word' id='word_1_188' title='bbox 668 2909 957 2972; x_wconf 90' lang='lat' dir='ltr'>assistere</span> <span class='ocrx_word' id='word_1_189' title='bbox 990 2909 1252 2973; x_wconf 78' lang='lat' dir='ltr'>debuit,“</span> <span class='ocrx_word' id='word_1_190' title='bbox 1958 2909 1964 2914; x_wconf 73' lang='grc'><strong>’</strong></span> 
     </span>
    </p>
   </div>
   <div class='ocr_carea' id='block_1_7' title="bbox 370 3117 2292 3355">
    <p class='ocr_par' dir='ltr' id='par_1_8' title="bbox 370 3117 2379 3355">
     <span class='ocr_line' id='line_1_28' title="bbox 1238 3117 1423 3193; baseline 0 -17"><span class='ocrx_word' id='word_1_191' title='bbox 1238 3117 1280 3193; x_wconf 80' lang='lat'>§</span> <span class='ocrx_word' id='word_1_192' title='bbox 1324 3120 1423 3176; x_wconf 84' lang='lat'>63.</span> 
     </span>
     <span class='ocr_line' id='line_1_29' title="bbox 370 3284 2292 3355; baseline 0.003 -22"><span class='ocrx_word' id='word_1_193' title='bbox 370 3284 846 3351; x_wconf 81' lang='lat' dir='ltr'>Abbatibusque,</span> <span class='ocrx_word' id='word_1_194' title='bbox 895 3285 1119 3335; x_wconf 85' lang='lat' dir='ltr'>collata</span> <span class='ocrx_word' id='word_1_195' title='bbox 1156 3301 1260 3351; x_wconf 89' lang='lat' dir='ltr'>per</span> <span class='ocrx_word' id='word_1_196' title='bbox 1295 3287 1344 3337; x_wconf 87' lang='lat' dir='ltr'>d.</span> <span class='ocrx_word' id='word_1_197' title='bbox 1384 3287 1747 3352; x_wconf 86' lang='lat' dir='ltr'>Stephanum</span> <span class='ocrx_word' id='word_1_198' title='bbox 1784 3289 2101 3355; x_wconf 82' lang='lat' dir='ltr'>privilegia</span> <span class='ocrx_word' id='word_1_199' title='bbox 2139 3296 2292 3339; x_wconf 81' lang='lat' dir='ltr'>sunt.</span> 
     </span>
    </p>
   </div>
   <div class='ocr_carea' id='block_1_8' title="bbox 374 3426 2373 3631">
    <p class='ocr_par' dir='ltr' id='par_1_9' title="bbox 374 3426 2373 3631">
     <span class='ocr_line' id='line_1_30' title="bbox 539 3426 2373 3538; baseline -0.001 -28"><span class='ocrx_word' id='word_1_200' title='bbox 539 3451 619 3510; x_wconf 87' lang='lat' dir='ltr'>Et</span> <span class='ocrx_word' id='word_1_201' title='bbox 663 3448 1081 3536; x_wconf 88' lang='lat' dir='ltr'>diplomatibus</span> <span class='ocrx_word' id='word_1_202' title='bbox 1134 3449 1186 3512; x_wconf 91' lang='lat' dir='ltr'>d.</span> <span class='ocrx_word' id='word_1_203' title='bbox 1231 3449 1522 3538; x_wconf 88' lang='lat' dir='ltr'>Stephani</span> <span class='ocrx_word' id='word_1_204' title='bbox 1566 3464 1625 3514; x_wconf 86' lang='lat' dir='ltr'>et</span> <span class='ocrx_word' id='word_1_205' title='bbox 1669 3451 1908 3537; x_wconf 88' lang='lat' dir='ltr'>legibus</span> <span class='ocrx_word' id='word_1_206' title='bbox 1954 3449 2295 3535; x_wconf 81' lang='lat' dir='ltr'>antiquissi-</span> <span class='ocrx_word' id='word_1_207' title='bbox 2364 3426 2373 3490; x_wconf 77' lang='lat'>.{</span> 
     </span>
     <span class='ocr_line' id='line_1_31' title="bbox 374 3531 2296 3631; baseline 0.003 -39"><span class='ocrx_word' id='word_1_208' title='bbox 374 3531 485 3593; x_wconf 89' lang='lat' dir='ltr'>mis</span> <span class='ocrx_word' id='word_1_209' title='bbox 526 3533 802 3598; x_wconf 85' lang='lat' dir='ltr'>Abbates</span> <span class='ocrx_word' id='word_1_210' title='bbox 843 3559 1075 3631; x_wconf 90' lang='lat' dir='ltr'>quoque</span> <span class='ocrx_word' id='word_1_211' title='bbox 1113 3548 1173 3599; x_wconf 91' lang='lat' dir='ltr'>et</span> <span class='ocrx_word' id='word_1_212' title='bbox 1218 3537 1556 3624; x_wconf 84' lang='lat' dir='ltr'>Praepositi</span> <span class='ocrx_word' id='word_1_213' title='bbox 1582 3537 1965 3600; x_wconf 81' lang='lat' dir='ltr'>Eclesiarum&#39;</span> <span class='ocrx_word' id='word_1_214' title='bbox 1997 3535 2296 3600; x_wconf 89' lang='lat' dir='ltr'>Praelatis</span> 
     </span>
    </p>
   </div>
  </div>
 </body>
</html>
