2384 3886
382 218 507 274 116

379 357 766 416 Normannos
824 373 1010 437 penes
1070 350 1350 444 populum
1386 350 1621 412 mansit.
1674 348 1931 434 Fuitque
1957 347 2103 411 baec
2138 347 2316 411 etiam

380 450 622 524 postea,
652 459 826 521 quam
845 434 1229 519 Principibus
1249 433 1454 518 (hujus
1480 434 1632 496 enim
1651 432 1925 494 vocabuli
1954 432 2073 494 vim
2105 431 2317 495 dehinc

380 521 698 606 appellatio
717 517 1332 600 Ducum'Hungariae
1371 517 1606 595 habuit)
1631 520 1836 600 Reges
1869 528 2316 592 successerunt,

380 618 440 667 et
469 604 748 679 maxime,
797 601 934 664 dum
966 603 1098 664 Rex
1125 601 1345 662 nullam
1367 602 1606 686 penitus
1637 600 1935 675 sobolem,
1981 612 2086 661 aut
2130 599 2316 661 filium

379 689 787 750 minorennem
834 686 927 748 vel
976 686 1181 771 plures
1217 688 1340 771 jam
1393 684 1630 748 adultos
1662 685 1819 747 filios
1848 683 2120 769 reliquit,
2166 682 2314 746 adeo

379 772 609 835 solicite
652 771 943 847 exercita,
998 782 1065 832 ut
1101 769 1200 832 diu
1236 793 1408 832 nemo
1443 793 1599 831 unus
1628 768 2124 854 gravissimorum
2158 768 2315 831 viro-

378 880 511 919 rum
552 869 744 934 esset,
791 855 890 942 qui
925 877 1054 916 eam
1086 878 1205 918 non
1235 853 1565 927 ferendam3
1611 854 1848 938 plurimi
1876 865 2083 916 contra
2113 875 2189 916 ex
2217 851 2314 915 his

379 941 562 1026 ipsiS,
622 941 723 1027 qui
771 939 1261 1003 consuetudinem
1319 939 1472 1000 hanc
1512 937 1689 1000 etiam
1726 936 2093 1024 probandam
2139 936 2316 1000 duce-

377 1038 530 1088 rent.
595 1025 769 1102 Quod
813 1024 1002 1109 igitur
1048 1024 1109 1084 in
1161 1022 1449 1085 electione
1492 1020 1726 1106 Arpadi
1770 1022 1999 1099 evenit,
2053 1033 2120 1084 ut
2166 1020 2314 1084 hacc

376 1113 564 1173 Patre
588 1110 914 1195 superstite
953 1118 1377 1192 perageretur,
1425 1105 1580 1191 apud
1615 1108 1822 1168 Duces
1858 1109 2181 1192 Regesque
2213 1129 2314 1168 se—

379 1208 631 1279 quentes
688 1194 750 1255 in
781 1192 1191 1278 providentiae
1231 1190 1378 1253 abiit
1410 1190 1754 1268 consilium,
1802 1190 2051 1253 aliarum
2076 1213 2310 1276 quoque

372 1301 482 1363 per
518 1282 821 1363 Europam
852 1276 1120 1362 gentium
1154 1276 1421 1361 exemplo
1462 1275 1953 1338 commendatum.
2010 1275 2116 1338 Sic
2168 1298 2310 1338 vero

374 1384 511 1424 sera
529 1385 734 1426 eorum
758 1374 852 1424 est
872 1361 1184 1447 sapientia,
1214 1360 1313 1446 qui
1335 1373 1474 1447 post
1501 1360 1831 1423 stabilitum
1848 1359 2087 1423 tandem
2111 1359 2308 1446 provi—

372 1446 575 1509 dentia
614 1459 725 1509 art.
749 1455 805 1508 2.
845 1453 1011 1508 1687
1045 1449 1150 1531 jus
1197 1444 1387 1530 primo
1413 1444 1729 1529 geniturae
1759 1457 1818 1508 et
1847 1445 2159 1530 singulare
2195 1443 2309 1507 hoc

369 1531 531 1615 grati
556 1555 704 1616 erga
731 1530 1103 1616 Leopoldum
1129 1533 1175 1591 Ι.
1209 1533 1438 1615 Regem
1464 1529 1640 1592 animi
1666 1528 1955 1593 Ordinum
1976 1528 2153 1613 regni
2173 1551 2307 1616 spe-

368 1615 587 1692 cimen,
633 1616 708 1678 ad
745 1638 975 1678 omnem
1007 1614 1280 1677 foeminei
1317 1638 1551 1700 quoque
1580 1636 1764 1676 sexus
1794 1612 2145 1700 progeniem
2174 1617 2306 1699 ejus

369 1707 510 1780 (art.
550 1707 618 1778 3)
661 1713 1003 1776 extensum,
1050 1699 1108 1761 id
1147 1721 1332 1784 agere
1367 1699 1785 1774 instituerunt,
1844 1710 1912 1760 ut
1936 1701 2038 1783 jus
2067 1721 2304 1762 succes-

368 1783 559 1847 sionis
585 1784 1039 1861 haereditariae,
1074 1787 1201 1869 jam
1244 1808 1319 1847 ex
1340 1783 1642 1870 primaeva
1671 1782 2036 1870 reipublicae
2071 1782 2304 1868 hunga-

363 1869 521 1931 ricae
550 1868 995 1947 constitutione,
1041 1868 1180 1932 huic
1216 1867 1501 1932 nascendi
1537 1867 1728 1931 ordini
1771 1868 2082 1954 alligatum
2113 1867 2303 1932 fuisse

367 1953 760 2018 obtenderent
794 1954 1020 2039 magis,
1068 1977 1244 2039 quam
1279 1952 1684 2019 ostenderent.

1255 2173 1399 2248 59...

848 2325 926 2373 De
967 2325 1160 2374 altero
1200 2324 1362 2389 pacti
1404 2324 1569 2374 illius
1608 2326 1806 2390 capite

529 2470 814 2557 stipulati
849 2472 1496 2556 praeterea‘electores
1525 2472 1600 2534 ab
1639 2470 1890 2558 Arpado
1929 2482 1988 2534 et
2018 2469 2296 2533 Posteris

357 2567 528 2618 sunt:
556 2568 663 2633 „ut
693 2555 976 2642 quidquid
1002 2556 1141 2618 boni
1167 2579 1275 2643 per
1304 2557 1545 2620 labores
1575 2580 1781 2620 eorum
1817 2554 2128 2641 acquirere
2157 2578 2294 2640 pos-

355 2653 517 2716 sent,
577 2664 748 2704 nemo
797 2663 1002 2704 eorum
1047 2664 1264 2727 expers
1312 2642 1545 2705 fieret.“
1603 2645 1699 2704 Ex
1744 2640 1858 2703 hac
1904 2638 2063 2726 pacti
2094 2638 2292 2702 condi-

354 2724 516 2786 tione
565 2725 892 2811 scriptores
939 2728 1131 2789 nostri
1182 2727 1706 2802 constitutionum,
1766 2747 1918 2810 quae
1960 2724 2033 2786 de
2077 2724 2291 2808 Regiis

354 2807 773 2871 donationibus
802 2809 1094 2894 hodieque
1124 2811 1362 2894 vigent,
1402 2810 1696 2907 originem
1721 2820 1947 2895 petunt.
1992 2811 2179 2871 Recte
2205 2808 2290 2870 illi

352 2890 587 2976 quidem
617 2892 758 2966 hoc;
796 2916 987 2978 neque
1012 2906 1211 2956 tamen
1236 2894 1433 2957 omnia
1454 2895 1682 2971 dicunt,
1721 2916 1872 2979 quae
1906 2891 1981 2956 ad
2004 2891 2119 2954 vim
2147 2915 2284 2955 con-

352 2976 681 3039 stitutionis
719 2977 895 3063 hujus
941 2978 1260 3062 pertinent.
1318 2981 1561 3063 Agrum
1597 2988 1983 3064 praetereunt
2001 3000 2077 3039 ex
2095 2976 2286 3063 prima

350 3061 737 3148 occupatione
794 3075 1126 3148 acceptum,
1164 3062 1519 3148 titulumque
1553 3063 1963 3127 descensus
1998 3062 2282 3142 (szallas)

348 3168 463 3230 quo
518 3146 674 3210 idem
706 3146 978 3223 obvenit,
1025 3147 1177 3209 tanti
1211 3146 1366 3233 apud
1399 3151 1666 3234 Majores
1711 3160 1956 3212 nostros
1994 3146 2280 3223 habitum,

345 3243 412 3292 ut
447 3233 654 3316 Reges
697 3232 813 3318 ipsi
854 3232 1260 3308 donationem,
1309 3256 1481 3318 quam
1515 3232 2014 3296 irretractabilem
2047 3231 2279 3295 tutissi—

348 3336 618 3400 mamque
662 3340 801 3380 esse
844 3317 1096 3393 vellent,
1156 3317 1551 3381 descensus
1602 3319 1813 3382 titulo
1866 3318 2063 3380 facere
2094 3339 2161 3380 se
2192 3315 2277 3379 di-

349 3401 528 3460 sertis
557 3401 758 3464 ·verbis
785 3401 1173 3465 declararent.
1219 3403 1391 3479 Quod
1420 3403 1535 3467 etsi
1563 3403 1648 3467 ita
1671 3427 1810 3467 esse
1838 3401 2085 3466 uberius
2114 3400 2276 3465 dein-

347 3503 487 3566 ceps
518 3483 1037 3550 demonstrandum
1074 3500 1199 3562 est3
1246 3501 1445 3553 tamen
1484 3511 1559 3552 ne
1600 3502 1722 3552 tam
1752 3512 1857 3567 re,
1903 3509 2079 3574 quam
2115 3485 2272 3550 dictu
