2384 3886
424 162 543 249 150

443 417 545 478 De
588 419 918 497 reliyione,
980 418 1234 495 ritibu-s‘,
1301 421 1716 501 doctrinaque
1759 421 1994 480 morali
2032 427 2307 483 veterum

1138 504 1621 586 Hunyarorum.

1283 693 1326 768 ς
1369 696 1468 751 44.

485 845 563 895 De
608 844 905 910 religione
951 861 1149 896 eorum
1197 844 1672 911 Theophilactus
1715 847 2032 898 verissime
2062 847 2266 919 refert.

589 990 1046 1079 Chronographi
1086 991 1484 1078 antiquiores,
1529 993 1794 1080 plerique
1834 992 2134 1072 monachi,
2181 994 2336 1082 quod

414 1079 738 1165 impensam
791 1077 848 1139 in
906 1077 1352 1140 conversionem
1413 1082 1840 1165 Hungarorum
1893 1103 2131 1167 operam
2186 1081 2338 1143 mul-

414 1176 536 1226 tam
583 1162 911 1226 existimari
951 1163 1165 1234 velint,
1212 1163 1305 1225 his
1357 1175 1416 1227 et
1456 1167 1622 1228 Deos
1675 1177 1735 1229 et
1785 1163 1942 1228 idola
1985 1165 2333 1241 adstruunt3

413 1248 520 1311 sed
542 1248 780 1311 nomina
809 1247 1020 1311 horum
1040 1297 1054 1325 ,
1086 1249 1354 1335 ritusque
1410 1251 1726 1337 populares
1765 1275 1839 1314 ex
1871 1250 1946 1313 iis
1971 1251 2022 1314 si
2058 1274 2332 1338 quaeraS,

411 1334 640 1396 frustra
663 1333 780 1409 sis;
837 1357 948 1397 nec
976 1333 1130 1396 enim
1166 1333 1324 1397 aliud
1348 1334 1661 1422 quidquam
1706 1336 1936 1412 elicies„
1973 1349 2146 1424 quam
2173 1337 2334 1424 equi-

412 1444 524 1482 nas
554 1420 688 1483 illos
723 1420 934 1507 pulpas
973 1419 1250 1498 esitasse,
1284 1427 1330 1500 1)
1374 1434 1433 1484 et
1468 1445 1535 1484 se
1568 1445 1795 1508 suaque
1831 1421 1975 1485 diris
2010 1423 2131 1503 (vel
2161 1436 2227 1487 ut
2249 1423 2334 1485 illi

412 1507 737 1592 loquuntur
784 1504 1198 1586 daemonibus)
1254 1506 1527 1570 addicere
1572 1515 1623 1585 2)
1682 1508 1737 1571 id
1792 1531 1932 1571 vero
1991 1520 2119 1571 est:
2181 1509 2353 1582 mala,

412 1588 680 1679 quaeque
730 1591 845 1654 sibi
885 1591 1198 1678 imprecari
1238 1591 1299 1653 in
1344 1615 1508 1656 more
1546 1591 1853 1655 habuisse.
1915 1592 2029 1655 His
2071 1593 2334 1658 Otroko-

411 1678 627 1755 esium,
673 1677 933 1754 Belium,
982 1677 1428 1755 Cornidesium,
1470 1678 1787 1766 praecipua
1818 1677 2170 1765 Hungariae
2199 1703 2332 1744 eru-

409 1762 567 1827 ditae
600 1762 827 1841 sidera,
884 1762 1131 1849 adjungi
1171 1762 1424 1826 maxima
1457 1764 1685 1849 gloriae
1713 1764 1926 1845 horum
1955 1765 2167 1851 injuria
2208 1765 2332 1829 fue-

409 1850 513 1924 rit3
560 1862 758 1912 tamen
793 1861 854 1912 et
883 1847 976 1926 hi,
1012 1873 1087 1911 ne
1116 1850 1319 1936 plures
1357 1848 1505 1912 alios
1539 1873 1886 1927 memorem,
1923 1875 2043 1914 non
2073 1855 2331 1915 Martem

409 1947 671 2011 tantum,
729 1935 836 1998 sed
879 1947 936 1998 et
970 1935 1322 2012 Herculem,
1379 1947 1439 1998 et
1475 1936 1840 1999 Mercurium
1879 1935 1954 1999 iis
1993 1936 2330 2023 adsignant,

409 2045 526 2084 non
564 2019 679 2083 alia
714 2022 840 2084 fere
879 2043 1090 2098 causa,
1137 2044 1311 2107 quam
1348 2045 1423 2085 ne
1458 2020 1572 2085 hoc
1608 2046 1840 2119 quoque
1878 2023 2072 2086 cultus
2107 2047 2330 2109 genere

409 2110 675 2193 Majores
731 2105 986 2170 nominis
1033 2105 1377 2185 huno-arici,
1435 2106 1492 2168 in
1551 2107 1767 2194 qulbus
1811 2132 1919 2196 pro
1962 2109 2334 2197 incompara-

406 2191 511 2254 bili
545 2194 765 2291 pietate
809 2216 920 2255 sua
965 2158 1246 2255 ornandis
1288 2216 1491 2256 omnes
1544 2193 1891 2257 eruditionis
1936 2212 2080 2267 suae
2129 2194 2328 2282 copias

407 2279 720 2366 explicant,
760 2277 1010 2342 Graecis
1034 2278 1390 2364 Latinisque
1420 2279 1732 2343 inferiores
1763 2279 2089 2344 videantur.
2134 2279 2329 2344 Hodie

404 2363 558 2428 haud
601 2365 914 2452 quisquam
947 2367 1072 2450 jam
1109 2378 1203 2428 est
1235 2365 1586 2428 nobiliorum
1632 2365 2021 2453 scriptorum,
2069 2365 2169 2452 qui
2208 2389 2328 2428 am-

405 2449 604 2535 bigat:
651 2451 762 2513 hae
805 2451 982 2513 etiam
1018 2463 1190 2537 parte
1223 2449 1719 2538 Theophilactum
1758 2451 2146 2516 Simocattam
2185 2475 2327 2515 vero

402 2537 672 2623 proxima
703 2536 947 2599 referre.
992 2539 1160 2600 Haec
1193 2537 1251 2598 in
1288 2561 1518 2599 summa
1552 2536 1754 2600 eadem
1797 2551 1969 2615 sunt,
2017 2562 2165 2625 quae
2204 2541 2327 2600 He·
2366 2556 2379 2566 ·

402 2622 648 2686 rodotus
674 2621 744 2685 de
771 2621 1062 2708 religione
1087 2626 1412 2687 Persarum
1442 2631 1492 2703 3)
1518 2623 1911 2709 consignavit.
1948 2628 2042 2687 Ita
2070 2646 2320 2710 namque

403 2705 523 2769 hic:
566 2709 765 2786 „Soli,
810 2711 1137 2795 Lunaeque
1168 2709 1533 2785 sacrificant,
1579 2722 1638 2772 et
1673 2709 1900 2786 telluri,
1940 2709 2095 2796 igni,
2137 2733 2324 2796 aquae

406 2805 582 2879 atque
617 2795 841 2869 ventis,
878 2792 1090 2880 hisque
1119 2795 1279 2874 solis
1302 2819 1474 2857 sacra
1496 2795 1744 2871 faciunt,
1785 2798 1906 2883 jam
1939 2793 2073 2859 inde
2109 2795 2182 2858 ab
2218 2794 2324 2857 ini-

401 2877 526 2942 tio“
550 2877 1019 2967 Theophilactus
1043 2904 1184 2942 vero
1204 2880 1275 2943 de
1294 2881 1632 2966 Hungaris:
1669 2884 1965 2959 „Turcae,
1998 2880 2099 2958 ait,
2128 2881 2323 2945 admo-

540 3067 582 3126 1)
628 3065 696 3115 De
737 3065 882 3114 simili
928 3081 1064 3116 more
1105 3066 1461 3117 Germanorum
1502 3083 1749 3132 operaque
1797 3067 2089 3118 Pontificum
2135 3067 2185 3116 in
2227 3066 2321 3117 hoc

403 3151 682 3201 sufferendo
713 3151 818 3200 vide
851 3151 1073 3201 Schmidt
1103 3151 1281 3202 Gesch.
1317 3153 1403 3202 der
1432 3153 1714 3203 Deutschen
1747 3154 1803 3204 Τ.
1838 3154 1876 3204 Ι.
1919 3170 1963 3203 c.
2003 3151 2055 3203 1.

533 3238 580 3297 2)
624 3237 801 3286 Vitium
831 3237 889 3286 iis
921 3253 1030 3287 cum
1064 3238 1295 3287 Romanis
1326 3238 1570 3288 veteribus
1602 3253 1890 3301 commune,
1924 3246 2048 3289 teste
2078 3237 2230 3287 Livio.

533 3320 582 3390 3)
628 3322 735 3372 Lib.
770 3323 807 3373 l.
859 3339 903 3373 c.
943 3319 1086 3384 131,
1134 3319 1270 3373 138.
1311 3324 1344 3373 l.
1378 3324 1461 3374 III.
1511 3322 1604 3374 16.
1656 3325 1842 3383 Quibus
1874 3325 2046 3375 similia
2077 3339 2133 3373 ea
2172 3322 2314 3374 etiam

401 3414 560 3470 parte,
612 3424 706 3472 qua
748 3409 847 3459 Soli
886 3409 1032 3475 (igni)
1064 3425 1218 3475 equos
1248 3409 1476 3460 imolasse
1508 3411 1811 3470 referuntur,
1853 3410 2052 3472 Strab0‚
2096 3409 2311 3469 CurtiuS‚

400 3491 619 3541 Justinus
649 3494 804 3557 plura.
