2384 3886
347 194 389 248 8

349 327 524 391 dubie
563 329 760 404 finem,
807 339 872 389 ut
904 327 1040 388 data
1072 326 1542 411 opportunitate,
1589 350 1625 388 a
1656 324 2004 412 caligrapho
2035 337 2139 387 aut
2177 349 2274 387 ru-

346 413 666 488 bricatore,
737 411 838 497 qui
890 423 955 472 ut
1001 410 1156 496 apud
1211 412 1480 473 Graecos
1534 410 1635 472 vix
1686 433 1805 472 non
1859 431 2129 495 semper,
2190 410 2276 472 ita

347 497 502 594 apud
545 497 802 559 Latinos
849 517 966 556 non
1012 518 1152 557 raro
1199 517 1234 555 a
1278 494 1542 572 librario,
1615 494 1714 579 qui
1760 493 2023 555 codicem
2068 517 2274 556 exara—

345 594 451 657 v1t‚
497 580 772 643 diversus
810 578 1047 641 omnino
1084 578 1214 655 fuit,
1261 579 1473 642 titulus
1512 578 1804 665 opusculi,
1849 602 1957 664 pro
1990 581 2117 662 ejus
2145 577 2275 640 aevi

345 688 510 727 more
557 664 1014 749 adpingeretur3
1074 662 1189 725 hoc
1231 676 1430 726 tamen
1476 663 1537 724 in
1582 676 1827 738 nostr0,
1890 674 2067 748 prout
2112 674 2173 724 et
2214 661 2273 722 in

344 750 476 810 aliis
511 748 714 810 multis
758 749 979 810 sactum
1025 771 1163 810 esse
1209 758 1549 833 nunquam“
1580 747 1664 810 ita
1692 771 1759 810 se
1787 744 2036 823 habent,
2092 746 2274 808 ratio-

342 856 595 918 nemque
641 832 816 894 simul
863 832 1167 894 continent
1212 832 1379 894 vocis
1427 831 1955 907 „Praedictus“,
2010 844 2077 893 ut
2123 852 2274 928 quae

341 941 450 1004 per
517 916 947 1003 exscriptorem
1007 916 1066 978 in
1127 918 1316 980 altera
1381 915 1505 978 folii
1563 915 1735 1002 primi
1790 915 1976 991 facie,
2098 938 2274 978 rimo-

346 1025 461 1087 que
489 1002 620 1064 loco
655 1001 855 1088 posita
899 1025 967 1064 se
1013 1000 1088 1063 ad
1135 1000 1194 1063 id
1239 1001 1425 1063 refert
1470 1000 1805 1074 manifeste,
1855 999 2010 1083 quod
2092 1000 2148 1061 ic
2183 1000 2278 1061 vir

341 1086 538 1148 bonus
568 1086 816 1172 pictoris
860 1085 1043 1146 scribi
1091 1108 1270 1146 manu
1314 1085 1371 1144 in
1411 1083 1601 1168 prima
1643 1082 1794 1144 facie
1839 1083 2042 1145 voluit.
2087 1087 2275 1147 Recte

342 1170 594 1254 denique
629 1169 1029 1231 Endlicherus
1080 1169 1279 1230 libello
1317 1191 1428 1229 suo
1466 1179 1725 1253 ectypon
1762 1189 1997 1253 quoque
2031 1181 2168 1254 prot
2214 1168 2274 1254 pi

338 1277 552 1316 vocum
589 1254 661 1315 ad
702 1253 931 1314 initium
971 1250 1192 1314 codicis
1228 1252 1560 1338 positarum
1595 1251 1920 1336 subjunxit.
1967 1255 2126 1315 Sunt
2203 1277 2274 1315 ae

337 1336 699 1402 istiusmodi:
752 1336 1006 1399 Pdictus
1050 1349 1347 1421 magister
1380 1348 1593 1422 incipit
1634 1337 1772 1422 plog
1805 1359 1869 1398 in
1905 1348 2085 1421 gesta
2125 1337 2271 1400 bun-

338 1445 553 1508 garum
616 1444 686 1483 ac
753 1420 1048 1506 quondam
1112 1421 1267 1484 bone
1318 1444 1602 1484 memorie
1658 1421 2088 1505 gloriosissimi
2138 1421 2272 1484 bele

337 1530 509 1591 regis
549 1505 846 1591 hungarie
890 1518 1164 1569 notarius
1210 1529 1265 1566 n.
1312 1529 1422 1568 suo
1470 1504 1860 1568 dilectissimo
1907 1528 2097 1568 amico
2142 1529 2272 1569 viro

337 1590 666 1655 venerabili
712 1603 772 1653 et
817 1603 948 1653 arte
1003 1591 1258 1653 literalis
1316 1602 1569 1653 scientie
1620 1590 1848 1653 imbuto
1903 1591 2158 1653 salutem
2212 1604 2273 1654 et

338 1699 447 1739 sue
482 1687 800 1760 peticionis
848 1675 1181 1738 effectum“.
1244 1674 1432 1739 Isthic
1476 1674 1680 1759 itaque
1724 1697 1930 1737 voces:
1977 1674 2271 1751 „Pdictus

337 1770 671 1844 magister“
719 1783 754 1821 a
797 1759 1108 1846 particulis
1155 1783 1268 1837 „ac
1305 1759 1641 1845 quondam“
1683 1758 2056 1844 longissime,
2101 1772 2270 1824 tanto

334 1867 588 1928 namque
617 1844 929 1907 intervallo
951 1845 1195 1922 distant,
1244 1857 1528 1929 quantum
1574 1867 1752 1907 voces
1812 1843 2133 1907 recentiori
2183 1845 2270 1907 in-

333 1930 665 2014 terpolatae
691 1952 889 2005 manu,
936 1929 1240 2015 rubroque
1268 1929 1586 1992 distinctae
1614 1929 1814 1991 colore
1851 1951 2012 2006 „inci
2053 1941 2102 1992 it
2135 1931 2272 2017 plog

334 2037 397 2078 in
449 2026 628 2098 gesta
680 2012 1063 2099 hungarum“
1136 2013 1501 2076 alienissimo
1561 2014 1691 2076 loco
1736 2012 1884 2090 hoc,
1930 1953 2092 2077 nullo
2127 2018 2271 2099 jure

336 2111 645 2184 occupant.
708 2098 824 2161 His
909 2098 1224 2185 ropositiS,
1288 2122 1576 2184 quaerere
1610 2102 1739 2185 jam
1774 2101 1975 2186 juvat,
2031 2098 2171 2187 quid
2216 2100 2269 2162 si

333 2182 830 2246 Schvandtnerus
869 2122 1026 2246 liaec
1068 2184 1153 2246 ita
1198 2184 1451 2247 dederit:

506 2268 765 2357 „Incipit
809 2270 1116 2354 Prologus
1160 2269 1262 2330 in“

505 2365 727 2437 „gesta
771 2356 1243 2437 Hungarorum“

333 2437 734 2513 „Praedictus
771 2438 1092 2523 Magister,
1132 2462 1203 2503 ac
1238 2439 1533 2524 quondam
1568 2440 1762 2503 bonae
1788 2440 2106 2504 memoriae
2136 2443 2265 2527 glo—

330 2521 652 2583 riosissimi
695 2522 878 2584 Belae
925 2523 1114 2608 Regis
1157 2523 1515 2609 Hungariae
1562 2525 1862 2587 Notarius
1902 2538 2012 2588 cet.
2059 2550 2131 2588 an
2179 2527 2266 2588 ni-

332 2605 415 2667 hil
461 2606 515 2667 is
563 2606 637 2668 ab
684 2607 1100 2684 accuratione,
1165 2631 1281 2693 qua
1324 2609 1386 2670 in
1430 2609 1877 2672 transumendis
1924 2610 2055 2673 sine
2101 2611 2265 2673 dimi-

332 2690 577 2753 nutione
621 2692 717 2753 vel
763 2705 1087 2776 augmento
1133 2692 1326 2755 literis
1380 2693 1693 2771 inclaruit,
1742 2694 2021 2757 aberret?
2073 2695 2266 2792 Atqui

328 2775 413 2838 ita
479 2774 572 2835 vir
627 2777 1189 2860 praestantissimus
1244 2777 1505 2862 alioquin
1538 2826 1553 2852 ,
1633 2779 1910 2862 bonoque
1977 2778 2265 2842 historiae

329 2863 763 2942 Hungarorum
802 2872 981 2922 natus
1018 2861 1137 2923 ista
1173 2861 1352 2937 dedit,
1405 2862 1654 2924 vocibus
1691 2862 1850 2938 „inci
1894 2863 1940 2925 it
2014 2865 2265 2950 rologus

330 2943 393 3005 in
449 2956 628 3029 gesta
684 2943 1137 3029 hungarorum“
1185 2970 1259 3008 ex
1302 2947 1460 3008 linea
1503 2946 1712 3033 prima,
1767 2886 1932 3011 velliit
1973 2886 2119 3011 Iloco
2163 2971 2263 3036 pe-

328 3028 612 3113 regrino,
678 3030 1016 3115 excerptiS,
1088 3030 1423 3117 positisque
1465 3030 1526 3092 in
1573 3031 1800 3118 capite3
1871 3055 2020 3095 voce
2065 3046 2263 3097 autem

328 3113 713 3198 ‚,Magister“
749 3114 1180 3200 particulisque
1225 3139 1337 3191 „ac
1373 3116 1708 3202 quondam“
1755 3140 1908 3202 quae
1943 3117 2005 3179 in
2041 3117 2263 3199 Codice

326 3197 429 3261 illo
466 3197 625 3261 haud
665 3199 956 3262 modicum
1001 3198 1074 3261 ab
1107 3199 1360 3265 invicem
1391 3201 1637 3276 absunt,
1686 3202 2014 3265 continenti
2050 3202 2261 3265 arctis-

328 3282 596 3369 simoque
642 3307 799 3346 nexu
846 3283 1169 3371 copulatis3
1228 3285 1367 3371 quin
1414 3285 1694 3374 spatium,
1751 3287 1909 3372 quod
1952 3286 2110 3348 inter
2154 3310 2259 3350 eas

326 3366 607 3430 librarius
654 3392 906 3432 vacuum
949 3369 1221 3455 reliquit,
1283 3382 1343 3434 et
1384 3383 1523 3458 post
1569 3372 1853 3458 expulsas
1897 3370 2034 3434 inde
2078 3395 2258 3434 voces

327 3452 683 3538 peregrinas
742 3455 926 3518 multo
979 3455 1154 3518 etiam
1198 3457 1324 3541 jam
1378 3456 1653 3543 apparuit
1710 3455 1965 3532 clarius,
2042 3478 2152 3519 seu
2196 3455 2256 3518 in
