2384 3886
1918 200 2041 258 267

986 347 1028 422 ς
1073 349 1170 406 74.

130 498 206 548 De
259 498 486 549 Comite
539 497 1040 549 Thavernicorum
1094 499 1383 563 regalium
1438 507 1494 551 et
1538 497 2044 550 ministerialibus

884 582 1278 634 thaverniciS.

299 729 632 794 Secundum
686 729 1050 794 Duumviros
1100 729 1299 793 causis
1341 730 1401 792 in
1442 733 1624 795 Curia
1673 745 1733 795 et
1814 755 1879 795 er
1912 755 2047 818 pro-

130 817 379 880 vinciam
426 814 720 879 ordinaria
765 816 1118 879 auctoritate
1170 817 1608 902 cognoscendis
1635 866 1650 895 ,
1716 821 1773 880 T
1819 817 2046 880 averni-

3 905 34 938 *
130 925 236 964 cus
268 925 342 963 ex
379 902 695 964 vernaculo
736 904 904 979 Tar,
950 901 1238 965 Tarnok
1280 903 1807 1000 (promptuarium,
1852 925 2046 989 prom-

127 990 361 1075 ptuario
391 987 755 1079 praefectum
798 995 992 1068 notat)
1019 988 1102 1051 ita
1140 988 1354 1066 dictus,
1388 987 1690 1051 Minlstris
1727 988 1858 1050 aliis
1888 987 2048 1049 nullo

128 1096 247 1136 non
269 1070 534 1160 tempore
564 1072 966 1160 praestantior
997 1072 1122 1136 fuit.
1145 1074 1303 1136 Huic
1323 1073 1512 1137 omnis
1541 1074 1641 1136 illa
1664 1074 1909 1136 suberat
1929 1071 2049 1136 Ud-

64 1230 67 1232 ‚
129 1157 525 1222 varnokorum
548 1157 887 1236 multitudo,
919 1157 1133 1245 quibus
1153 1159 1417 1224 Comites
1437 1171 1823 1237 monetarum,
1855 1157 2049 1222 Comi-⁴

128 1257 222 1307 tes
246 1242 483 1321 salium,
516 1242 871 1307 tributorum
894 1243 1364 1331 horreorumque
1392 1244 1694 1332 regiorum
1715 1255 2052 1332 praeerant.

129 1333 201 1392 ln
228 1328 323 1392 his
349 1329 659 1393 monetarii
682 1342 1085 1408 numerantur,
1124 1330 1266 1394 ferri
1284 1331 1455 1408 fabri,
1483 1330 1806 1407 urburarii,
1848 1328 2050 1391 carbo-

127 1414 298 1492 narii,
329 1414 612 1501 salinarii,
635 1428 694 1479 et
760 1415 817 1477 ui
851 1415 1077 1479 tributa
1101 1415 1242 1493 fori,
1288 1439 1476 1503 pensa
1499 1416 1574 1479 ad
1600 1416 1726 1479 dies
1752 1417 2050 1479 solemnes

131 1501 326 1566 debita
341 1503 640 1588 (Urpenz)
679 1439 1062 1588 collligebant,
1088 1501 1224 1566 Udv
1236 1501 1446 1565 arnoki
1469 1526 1647 1589 porro
1673 1502 1746 1565 ad
1769 1500 2053 1564 arandum

132 1595 192 1651 et
231 1587 520 1666 curriseri,
550 1609 659 1649 seu
689 1587 1048 1674 plaustrales
1080 1587 1427 1670 (szekeres)
1459 1586 1849 1675 HungariS.1)

272 1747 313 1806 ¹)
359 1745 445 1794 His
476 1744 752 1810 praefectus
783 1744 833 1794 in
864 1744 935 1796 lit.
968 1745 1113 1796 Belae
1142 1745 1218 1797 lv.
1253 1745 1312 1796 de
1337 1761 1382 1796 a.
1422 1742 1580 1799 1255
1613 1743 1767 1811 Major
1795 1743 2052 1810 plaustro-

135 1845 243 1881 rum
273 1835 488 1881 vocatur.

993 1940 1037 2017 ς
1082 1941 1179 2000 75.

47 2075 49 2077 ’
136 2077 214 2128 De
253 2077 578 2144 judiciaria
620 2076 686 2128 M.
734 2076 1238 2128 Thavernicorum
1293 2078 1352 2128 in
1399 2077 1571 2128 Cives
1615 2075 1905 2127 Albenses
1943 2090 2055 2124 au-

948 2163 1260 2214 ctoritate.

302 2296 521 2360 Divum
557 2295 926 2385 Stephanum
961 2297 1273 2386 privilegio
1297 2346 1312 2375 ,
1371 2321 1486 2384 quo
1537 2295 1758 2360 Albam
1802 2293 2054 2380 Regiam

145 2382 430 2462 condidit,
486 2406 700 2447 causas
741 2382 954 2446 civium
1020 2382 1265 2461 arduas,
1329 2383 1382 2446 si
1422 2382 1517 2446 his
1538 2379 1884 2448 definiendis
1909 2379 2055 2442 villi-

139 2493 244 2533 cus
286 2483 396 2557 par
441 2492 560 2533 non
599 2481 801 2546 esset,
871 2467 945 2532 ad
990 2469 1387 2556 praesentiam
1425 2471 1596 2532 suam
1635 2467 1728 2530 vel
1767 2464 2054 2550 Magistri

137 2555 650 2636 Thavernicorum
669 2552 1042 2619 deducendas
1063 2554 1473 2632 constituisse,
1501 2577 1576 2617 ex
1599 2551 1790 2616 literis
1820 2550 2054 2614 urbium

140 2640 467 2727 colligitur,
513 2640 730 2727 quibus
768 2636 1043 2703 libertate
1068 2639 1290 2702 civium
1316 2640 1671 2703 Albensium
1704 2635 1910 2700 donari
1946 2637 2050 2698 fla-

141 2726 472 2813 gitantibus
511 2726 766 2813 (plureS,
827 2738 894 2788 ut
937 2725 1163 2812 patebit
1206 2724 1482 2803 inferius,
1542 2725 1805 2802 fuerant)
1850 2725 2055 2808 Reges

142 2825 459 2899 sequentes
481 2810 634 2875 hanc
661 2811 734 2875 ad
757 2833 843 2888 sc,
878 2823 980 2874 aut
1001 2811 1364 2898 Magistrum
1384 2809 1890 2875 Thavernicorum
1920 2831 2053 2895 pro-

138 2898 387 2962 vocandi
417 2895 759 2962 facultatem
785 2908 1229 2962 concesserunt.

962 3074 1191 3151 §va

144 3211 221 3261 De
258 3210 487 3261 Comite
530 3209 949 3277 Dapiferorum
992 3210 1282 3277 regalium
1322 3220 1378 3264 et
1421 3213 1788 3264 Udvarnokis
1824 3213 1875 3263 ei
1913 3212 2057 3264 sub-

993 3296 1195 3362 jectis,

316 3423 730 3517 Dapiferorum
773 3430 1066 3517 regalium
1100 3433 1400 3521 Magister
1433 3432 1827 3514 (Asztalnok)
1861 3434 2056 3519 coqui-

131 3534 258 3580 ‘nae
275 3515 480 3603 regiae
501 3515 747 3582 curabat
773 3517 1192 3598 necessitates,
1239 3519 1444 3607 coquis
1469 3518 1685 3606 regiis,
1711 3517 2057 3608 pistoribus,
