2384 3886
418 208 543 264 240

418 356 638 405 videlicet
687 352 900 411 Samuel,
941 360 1144 418 propter
1182 368 1436 404 excessum
1477 355 1790 415 infi‹lelitatiS‚
1835 356 2021 421 dejecta
2069 360 2335 425 nobilitate,

419 455 563 505 quem
609 439 737 487 idem
789 437 1072 503 Episcopus
1118 437 1546 490 nobilitaverat
1591 449 1685 491 cet.
1729 446 1822 490 cet.
1888 440 2072 494 Confer
2106 459 2219 497 cum
2259 448 2337 498 his

416 525 532 574 alias
552 525 627 573 IV.
655 541 698 572 v.
725 521 779 572 2.
802 539 852 587 p.
893 517 1032 584 749,
1065 523 1113 573 in
1139 524 1315 589 quibus
1344 525 1487 575 verba
1522 526 1609 587 „in
1641 542 1900 577 numerum
1931 527 2220 582 Nobilium
2249 534 2338 583 Jo-

416 610 680 674 bagionum
710 608 932 659 Eclesiae
963 616 1161 660 nostrae
1193 611 1492 661 statuendo“
1515 612 1652 662 'idem
1687 612 1964 677 significant
1992 621 2088 665 cet.

1283 821 1325 896 ς
1369 821 1468 880 54.

415 976 716 1041 Styloque
760 964 1201 1023 Cancellaria'e
1244 971 1473 1037 Regiae
1518 972 1689 1023 inter
1728 982 2031 1038 veterem,
2081 990 2374 1027 novam-⁴

517 1077 632 1126 que
665 1059 973 1119 nominiS,
1017 1058 1359 1120 nobilium,
1404 1059 1845 1123 acceptionem
1875 1061 2234 1113 fluctuante

869 1143 1183 1210 paradoxa
1225 1143 1640 1194 multifariam
1683 1152 1880 1196 enata.

594 1300 784 1360 Usum
842 1291 999 1355 hunc
1050 1292 1409 1355 Praesulum
1460 1292 1733 1356 Eclesiae
1781 1292 2149 1381 hungaricae
2192 1298 2341 1362 Bela

416 1382 668 1447 nominis
701 1380 878 1466 hujus
917 1381 1046 1442 Rex
1076 1377 1294 1441 tertius
1327 1378 1603 1464 probavit
1633 1380 1823 1466 palam
1843 1429 1858 1458 ,
1906 1381 2138 1468 quando
2179 1383 2338 1446 inlli-

415 1473 564 1536 teris
597 1469 652 1531 h.
679 1471 863 1530 Petro
887 1465 1163 1551 Quinque
1187 1462 1521 1527 Eclesiensi
1544 1463 1698 1528 datis
1734 1465 2031 1545 liheroS,
2078 1490 2186 1530 seu
2218 1468 2339 1532 mi-

416 1557 580 1621 lites
604 1555 785 1638 hujus
810 1550 1145 1614 nobilium
1180 1550 1705 1636 Jobbagionum
1742 1553 2053 1616 exornavit
2086 1554 2339 1618 nomine.

417 1639 834 1707 Servientibus
859 1637 1058 1722 itaque
1091 1659 1199 1699 seu
1222 1637 1468 1722 Regis,
1510 1659 1618 1699 seu
1648 1637 1879 1722 Regni
1910 1636 2022 1701 hoc
2038 1640 2164 1724 jam
2191 1652 2338 1704 tem-

414 1753 559 1819 pore
586 1750 701 1790 non
729 1725 883 1788 idem
917 1722 1098 1785 tribui
1128 1719 1453 1809 epithetum
1482 1745 1601 1784 non
1631 1725 1839 1809 potuit.
1887 1725 2086 1800 Quare
2133 1724 2340 1789 liberi

416 1837 649 1904 quoque
693 1810 962 1874 homines
1002 1807 1074 1871 de
1119 1807 1323 1894 Vajka
1378 1831 1576 1870 coram
1616 1807 1820 1871 eodem
1863 1809 2012 1872 Bela
2054 1832 2166 1888 „se
2201 1834 2340 1876 esse

415 1898 710 1976 liberos,
756 1895 1058 1972 dicebant,
1104 1906 1163 1956 et
1207 1893 1446 1956 militari
1485 1906 1719 1956 armatu
1753 1893 1811 1956 in
1844 1894 2109 1959 exercitu
2148 1898 2338 1985 Regis

417 1987 751 2075 equitantes
771 2032 787 2059 ,
865 1994 1164 2066 tamquam
1221 1979 1392 2042 decet
1437 1979 1714 2043 nobiles
1772 1981 2241 2046 Servientes“
2289 1987 2340 2065 1]

417 2074 580 2137 nulla
607 2091 799 2156 neque
832 2069 1090 2151 Regis„
1118 2087 1310 2151 neque
1351 2064 1575 2151 Regni
1611 2065 2069 2148 (Servientium)
2091 2069 2337 2133 mentio-

415 2185 490 2224 ne
520 2157 763 2244 adjecta.
810 2150 1013 2216 Seculi
1045 2150 1353 2237 sequentis
1392 2149 1696 2237 ingenium
1726 2151 1981 2230 varium,
2025 2177 2095 2217 ac
2129 2153 2191 2217 in
2221 2158 2337 2219 Re-

415 2259 593 2333 gesto
624 2241 856 2329 quidem
885 2235 1276 2314 Varadiensi‚
1325 2260 1431 2324 per
1469 2260 1673 2301 omnes
1701 2236 1878 2324 hujus
1900 2238 2154 2326 paginas
2187 2240 2336 2305 seri-

413 2357 510 2395 um
554 2343 614 2395 et
655 2327 727 2391 ad
761 2325 997 2414 priscae
1041 2321 1483 2386 accomodatum
1525 2323 1922 2410 simplicitatis
1991 2324 2207 2400 decus3
2273 2327 2334 2388 in

452 2418 713 2503 lerisque
746 2423 953 2476 contra
983 2408 1401 2497 diplomatibus
1433 2408 1692 2471 Emerici
1721 2433 1791 2472 ac
1819 2411 2170 2496 praesertim
2204 2414 2332 2474 An-

411 2444 590 2569 dreae
615 2506 692 2564 ll.
721 2501 965 2574 fluxum,
994 2519 1104 2558 nec
1131 2495 1385 2559 obscure
1411 2495 1610 2580 stylus
1630 2494 1841 2558 horum
1862 2495 1935 2560 ad
1956 2519 2098 2584 pere
2147 2498 2333 2561 rinam

412 2588 735 2655 inclinabat
778 2596 993 2659 artem,
1026 2582 1294 2645 liberos
1331 2580 1672 2658 homineS‚
1700 2581 1968 2646 milites
1992 2607 2039 2646 s,
2133 2583 2334 2672 tepha-

413 2679 499 2755 ni‚
547 2689 609 2739 et
642 2697 792 2761 quae
826 2670 941 2733 alia
980 2667 1272 2732 Ordinis
1324 2667 1693 2754 equestris
1736 2668 1934 2756 prisca
1969 2668 2030 2732 in
2065 2673 2332 2757 Regesto

412 2765 512 2827 illo
539 2760 776 2824 nomina
802 2768 971 2831 sunt,
1018 2778 1127 2842 per
1152 2755 1355 2852 plures
1378 2772 1501 2816 non
1524 2753 1655 2815 sine
1681 2753 2114 2819 intertrimento
2139 2756 2331 2820 avitae

403 2849 625 2937 jurium
658 2842 1095 2929 aequabilitatis
1121 2839 1435 2917 dividendi,
1468 2838 1877 2926 partiendique
1945 2841 2145 2920 raduS‚
2174 2842 2332 2906 inter

413 2958 561 3024 quos
591 2931 662 2995 ad
686 2927 1055 3017 pensandum
1091 2925 1275 3011 prisci
1293 2927 1527 3011 Regum
1545 2925 1877 2988 Comitatus
1899 2863 2191 3006 damnum,
2227 2928 2331 2992 ali-

412 3020 547 3110 quid
570 3013 880 3103 dignitatis
904 3012 1302 3075 interluceret.
1358 3010 1603 3072 Literae
1645 3011 1828 3074 Belae
1851 3014 1960 3075 1V.
1987 3012 2058 3078 de
2084 3037 2134 3077 a.
2163 3022 2329 3078 1244

413 3105 669 3194 „quibus
698 3098 1098 3166 Udvarnokos
1134 3096 1519 3182 quorumdam
1554 3095 1812 3159 fidelium
1855 3099 2329 3164 Servientium

414 3191 747 3258 Comitum
775 3194 1101 3249 suorum“
1125 3182 1283 3245 inter
1308 3182 1587 3245 nobiles
1603 3194 1663 3245 et
1683 3182 1889 3247 fideles
1911 3186 2328 3250 Sei-vientes

411 3278 616 3365 regni
656 3274 748 3338 sui
794 3269 1125 3347 constituit,
1178 3281 1243 3331 ut
1277 3291 1374 3346 ea,
1423 3291 1538 3354 qua
1578 3266 1784 3332 fideles
1823 3268 2083 3334 milites
2118 3284 2179 3336 et
2208 3293 2327 3335 no-

551 3462 598 3536 l)
644 3464 830 3514 Katona
876 3460 1002 3510 Hist.
1044 3458 1127 3518 Cr.
1162 3457 1218 3506 T.
1267 3457 1342 3506 IV.
1376 3472 1487 3523 pag.
1532 3453 1671 3508 313.
1722 3456 1903 3507 Confer
1940 3456 2082 3505 etiam
2120 3462 2224 3505 not.
2264 3456 2324 3505 ad

411 3559 442 3612 ἓ
475 3550 570 3602 16.
604 3552 652 3600 in
683 3550 794 3600 Not.
829 3562 904 3612 pr.
2336 3551 2338 3556 ’
