2384 3886
404 203 530 265 258

411 343 731 407 Praelatos
758 338 1112 426 Hungariae
1141 337 1326 402 libere
1359 338 1608 424 delegit,
1642 339 1746 401 sed
1775 339 2132 404 Dalmatinis
2160 340 2335 405 etiam

415 426 748 513 deligendi,
803 446 976 511 quem
1031 447 1105 487 ex
1136 423 1329 487 medio
1365 424 1458 487 sui
1501 423 1747 501 vellent,
1806 425 2084 512 Episcopi
2110 427 2337 514 copiam

413 514 673 599 largitus
698 524 809 574 est.
832 517 883 590 3)
930 512 1190 596 Operam
1222 509 1422 596 itaque
1453 509 1691 587 ludunt,
1739 508 1836 595 qui
1879 513 2106 595 Regem
2141 513 2232 575 vel
2263 512 2337 576 ad

414 597 837 662 admittendum
870 597 929 658 in
973 595 1349 680 Hungariam
1384 595 1693 658 Pontificis
1726 594 1991 680 legatum
2023 595 2336 674 difficilem,

413 686 475 747 in
526 682 871 747 dimittendo
915 680 1028 744 hoc
1078 685 1338 767 supremi
1388 681 1762 744 Eclesiarum
1806 684 2176 743 Patronatus
2202 684 2338 767 jure

415 770 648 833 facilem
677 793 743 833 se
771 766 1115 832 exhibuisse
1142 766 1520 830 contendunt.
1555 766 1831 829 Aliorum
1863 790 1934 830 ea
1959 769 2192 852 Regum
2216 768 2349 831 fue-v

414 856 495 920 rit
531 879 638 919 seu
665 853 935 942 ignavia,
981 876 1089 914 seu
1126 874 1233 936 pro
1260 865 1591 939 temporum
1611 853 1861 929 ratione,
1893 875 2041 937 erga
2075 876 2338 916 summos

412 942 740 1005 Pontifices
788 936 1194 1021 indulgentia,
1242 950 1307 1000 ut
1339 942 1445 1024 jus
1490 937 1780 1023 eligendi,
1842 939 1936 1002 vel
1998 939 2336 1025 postulandi

413 1027 679 1091 Praelati
706 1022 1025 1090 Canonicis
1050 1023 1440 1086 remitterent.
1467 1022 1822 1109 Hujusmodi
1845 1023 2140 1111 quidpiam
2162 1027 2340 1086 Eme-

414 1116 575 1176 ricus
601 1163 615 1190 ‚
682 1110 899 1197 nequid
950 1108 1335 1172 Coronationi
1398 1107 1668 1172 Ladislai
1724 1109 1968 1172 infantis
2022 1109 2351 1184 adversum*

416 1196 795 1284 Hyerarchia
813 1204 1104 1271 tentaret,
1140 1194 1454 1258 admisisse
1487 1194 1750 1271 videtur,
1791 1218 1982 1281 neque
2013 1207 2207 1259 tamen
2240 1197 2333 1259 vel

413 1285 466 1346 is
500 1288 640 1370 jure
673 1283 785 1346 hoc
818 1282 903 1345 ita
937 1277 1178 1366 penitus
1216 1279 1585 1368 supersedit,
1630 1293 1697 1343 ut
1730 1305 1845 1343 non
1887 1294 2099 1367 ageret
2143 1282 2333 1368 plura,

411 1369 483 1433 de
538 1368 753 1456 quibus
792 1368 846 1431 ei
892 1369 1279 1430 Innocentius
1327 1370 1436 1429 ΡΡ
1498 1366 1904 1452 exprobraret.
1966 1370 2057 1429 Ex
2099 1367 2340 1454 antiqua

411 1469 471 1519 et
516 1455 804 1543 aprobata
853 1450 1028 1537 regni
1083 1453 1544 1530 consuetudine,
1606 1451 1666 1514 in
1721 1452 2109 1516 electionibus
2154 1456 2337 1516 Prae-

412 1543 698 1619 latorum‚
745 1539 1354 1624 assensumReginm
1381 1537 1800 1626 postulandum
1829 1539 2017 1602 fnisse
2042 1545 2095 1619 4)
2129 1537 2338 1602 literae

410 1640 714 1691 testantur
736 1676 751 1702 ,
809 1624 1024 1712 quibus
1081 1625 1230 1687 Bela
1273 1629 1386 1688 lV.
1443 1623 1791 1687 Zelandium
1843 1647 1950 1711 per
2002 1624 2337 1688 Canonicos

409 1712 940 1800 Veszprimienses
978 1732 1277 1786 „assensu
1310 1734 1448 1785 suo,
1496 1710 1592 1795 qui
1637 1710 1937 1773 commode
1971 1710 2192 1797 requiri
2232 1734 2335 1797 po-

416 1812 572 1863 terat
604 1812 662 1862 et
697 1797 768 1862 de
789 1800 930 1883 jure
960 1794 1247 1874 debebat,
1291 1795 1509 1859 minine
1542 1795 1870 1881 requisito“
1912 1796 2161 1859 electum
2199 1797 2337 1884 Epi-

416 1909 519 1948 sco
564 1909 659 1947 um
696 1883 850 1970 apud
877 1883 1233 1945 Pontificem
1257 1882 1542 1968 queritur.
1566 1887 1616 1962 5)
1662 1881 1817 1943 Idem
1852 1881 2264 1944 Phar-ensibus
2303 1907 2355 1946 e2

410 1909 599 2033 medio
634 1970 893 2033 fidelium
925 1966 998 2029 ad
1021 1969 1397 2054 Hungariam
1417 1967 1811 2054 spectantium
1848 1967 1962 2030 sibi
1986 1969 2333 2031 praesulem

413 2056 672 2143 eligendi
712 2065 1069 2143 potestatem
1111 2054 1279 2131 fecit,
1335 2054 1669 2117 conditione
1707 2053 1963 2138 adjecta:
2011 2067 2075 2117 ut
2107 2054 2333 2116 electus

414 2142 639 2227 Regiae
678 2152 1097 2229 praesentetur
1117 2140 1427 2226 Majestati
1458 2151 1517 2202 et
1543 2139 1616 2201 ab
1650 2143 1779 2226 ipso
1800 2142 1942 2225 jura
1977 2139 2334 2227 episcopalia

412 2228 672 2326 recipiat.
695 2235 745 2307 6)
793 2225 945 2303 Quid
978 2226 1191 2312 plura?
1233 2249 1348 2288 uua
1371 2223 1521 2288 satis
1552 2224 1837 2310 Synodus
1860 2225 2159 2289 Budensis
2189 2224 2331 2287 Phi-

412 2314 630 2400 lippina
670 2337 794 2400 cap.
820 2315 961 2375 ΧΠ.
1006 2324 1293 2375 testatur:
1327 2311 1450 2398 juri
1485 2315 1856 2374 Pati-onatus
1897 2314 2131 2398 Regum
2163 2315 2332 2374 Hun-

412 2516 606 2564 cuuquc
652 2500 912 2565 Episcopi,
957 2501 1030 2549 ve'l
1075 2499 1323 2561 Eclesiae;
1375 2514 1488 2548 cum
1534 2498 1752 2548 dominio
1796 2497 2118 2569 temporali
2157 2497 2333 2548 habeat

413 2586 688 2651 spirituale;
725 2586 841 2651 quia
879 2586 1024 2635 etiam
1064 2586 1136 2636 sic
1167 2585 1514 2635 ordinaverunt
1554 2584 1605 2634 S.
1637 2584 1815 2649 Reges,
1857 2585 2040 2635 Auctor
2069 2584 2332 2634 memoriae

412 2672 505 2737 Ep.
538 2671 662 2721 Nitr.
694 2687 744 2736 p.
773 2668 910 2722 131.
944 2688 1035 2737 pro
1066 2671 1383 2737 temporali
1414 2670 1662 2721 recentius
1693 2669 2114 2732 ,‚terrestrali“
2145 2670 2327 2734 posuit.

545 2758 592 2818 3)
638 2757 772 2806 Idem
821 2757 1156 2822 juramentum
1217 2757 1347 2822 quod
1406 2755 1674 2806 Salonitani
1722 2755 2054 2820 Archimystae
2105 2754 2330 2805 Pontifici

411 2849 660 2908 praestare
703 2841 949 2905 solebant,
997 2843 1270 2902 interdixit,
1323 2849 1375 2892 ut
1408 2842 1602 2907 juribus
1641 2841 1828 2906 Regum
1868 2840 2031 2905 Hung.
2074 2841 2329 2891 adversum

409 2928 517 2977 Kat.
550 2927 676 2976 Hist.
710 2926 815 2975 Ecl.
851 2927 1021 2978 Coloc.
1053 2929 1106 2977 P.
1147 2926 1199 2977 1.
1240 2944 1291 2992 p.
1331 2925 1467 2977 167.

540 3016 588 3075 4)
634 3013 690 3062 In
730 3012 884 3062 literis
915 3014 1084 3062 Innoc,
1118 3013 1201 3062 III.
1243 3014 1303 3062 ad
1337 3012 1492 3078 Capit.
1528 3013 1742 3077 Strigon.
1780 3012 1839 3061 de
1858 3027 1987 3061 anno
2025 3009 2186 3062 1205
2219 3011 2325 3062 Kat.

411 3102 519 3150 loco
568 3099 718 3149 citato
761 3114 915 3158 „cum
962 3099 1011 3147 in
1058 3098 1286 3148 venerab.
1328 3099 1525 3147 fratrem
1566 3105 1792 3148 nostrum
1833 3097 2001 3147 Coloc.
2042 3097 2325 3163 Archiepis-

416 3203 594 3251 copum
618 3183 967 3250 postulandum
993 3199 1019 3232 a
1049 3183 1210 3244 nobiS‚
1246 3183 1579 3234 contulissetis
1610 3184 1906 3234 unanimiter
1933 3189 2042 3233 vota
2071 3190 2249 3244 vestra,
2281 3189 2329 3233 et

415 3272 655 3337 Regium
689 3284 869 3334 super
898 3271 1008 3319 hoc
1041 3269 1465 3320 obtinuissetis
1496 3273 1855 3319 assensum“
1889 3275 1984 3319 cet.

549 3361 594 3418 ὅ)
640 3357 826 3407 Katona
866 3357 990 3406 Hist.
1027 3357 1110 3405 Cr.
1144 3357 1199 3405 T.
1234 3356 1309 3405 VI.
1351 3372 1400 3421 p.
1439 3352 1534 3405 56.
1575 3355 1702 3405 Alias
1734 3370 1964 3405 nervosas
1995 3354 2159 3406 literas
2189 3353 2327 3419 ejus-

414 3443 524 3492 dem
555 3443 660 3492 vide
691 3442 807 3493 ibid.
841 3459 891 3508 p.
932 3441 1075 3502 170,
1116 3438 1248 3491 180.

547 3530 594 3588 6)
639 3528 774 3593 Apud
808 3528 950 3579 Bath.
986 3528 1080 3577 LL.
1115 3526 1215 3576 ΕΕ.
1251 3527 1306 3576 Τ.
1341 3527 1400 3577 Π.
1436 3543 1486 3591 p.
1523 3521 1643 3577 364·
1676 3527 1734 3577 dc
1766 3543 1810 3575 a.
1851 3519 2028 3584 1243.
