2384 3886
1901 247 2024 304 327

118 394 121 396 ,

0 463 13 492 ξ
60 489 64 504 ,,

0 505 12 531 ξ.

0 580 11 615 ii

0 605 27 716 ἓ

175 555 240 616 b)
281 561 358 604 De
393 563 654 617 potesta-ce
676 556 972 616 judiciaria
1016 559 1230 605 Comitis
1271 562 1528 619 Palatini,
1568 578 1631 610 ac
1669 568 1969 626 speciatim:

292 762 344 814 l.
386 755 488 816 De
519 754 981 839 generalibus
1022 755 1504 820 palatinorum
1533 760 1844 844 judiciis.

955 976 997 1052 ς
1041 979 1184 1040 aas.

15 1187 18 1190 ,
108 1142 401 1192 materia
451 1144 694 1194 horum
745 1144 1017 1203 eadem,
1069 1159 1242 1210 quae
1291 1145 1812 1210 anteajudicii
1855 1148 2030 1198 Rec-

637 1252 869 1295 torum
919 1244 1501 1297 Com‘munitatis.

280 1407 709 1494 Sigismundus
730 1412 862 1472 Rex
882 1408 1185 1495 generalia
1197 1409 1420 1495 judicia
1443 1408 1872 1487 Palatinorum,
1906 1410 2029 1496 qui-

110 1494 223 1556 bus
269 1491 330 1553 in
382 1492 610 1570 fures,
675 1494 993 1558 latrones
1044 1509 1113 1559 et
1157 1498 1654 1561 malefactores
1701 1494 1850 1558 alios
1893 1518 2028 1558 con-

110 1578 292 1664 digna
339 1601 530 1664 poena
579 1580 1177 1660 animadverteretur,
1235 1582 1391 1647 inter
1443 1580 1719 1643 instituta
1764 1579 2029 1643 divorum

109 1667 346 1749 Regum
368 1679 665 1739 numerat3
689 1689 852 1728 more
879 1666 1033 1752 apud
1048 1669 1195 1733 alios
1217 1692 1451 1757 quoque
1470 1665 1909 1729 vetustissimos
1927 1690 2029 1753 po-

110 1749 284 1837 pulos
310 1773 427 1812 non
449 1750 830 1837 infrequenti:
862 1755 1169 1839 praeclara
1194 1758 1443 1819 Patrum
1467 1751 1770 1827 instituta,
1805 1751 1878 1813 ob
1910 1751 2029 1815 exi-

113 1835 286 1900 miam
333 1835 836 1923 excellentemque
875 1838 1128 1902 filiorum
1157 1843 1455 1915 virtutem,
1496 1836 1568 1900 ad
1595 1836 1702 1899 hos
1734 1849 2032 1922 tamquam

2 1927 21 1989 ¹>
112 1932 388 1984 auctores
434 1920 745 1986 referendi.
803 1924 1028 1987 Milites
1059 1950 1312 2013 namque
1356 1952 1404 1991 s.
1441 1921 1778 2008 Stephano,
1826 1921 2033 2008 quidi-

113 2018 347 2094 cuntur,
370 2006 558 2093 prima
577 2007 689 2070 hac
718 2009 1103 2074 Monarchiae
1131 2014 1515 2098 Hungarieae
1544 2018 1759 2084 aetate,
1794 2006 2034 2092 cognito

111 2093 296 2170 sacto,
331 2090 591 2154 criminis
619 2092 849 2190 quidem
879 2119 986 2182 per
1015 2098 1303 2162 Comitem
1336 2094 1539 2162 Castri
1563 2105 1622 2157 et
1641 2091 2035 2179 provinciales

112 2176 431 2267 postulari,
481 2177 588 2241 sed
618 2202 703 2241 rei
734 2203 932 2243 coram
957 2183 1232 2247 Palatino
1267 2186 1459 2247 solum
1488 2193 1591 2244 aut
1614 2177 1808 2240 Misso
1841 2177 2033 2262 Regio

113 2262 325 2352 peragi
354 2275 692 2350 potuerunt.
746 2267 809 2327 A
846 2266 1080 2331 condito
1122 2282 1318 2332 tamen
1362 2284 1471 2333 art.
1506 2275 1562 2329 8.
1610 2271 1770 2325 1222
1813 2262 2032 2325 Palati-

114 2373 230 2412 nus
269 2352 486 2412 Comes
507 2351 612 2434 jus
640 2348 787 2413 dixit
813 2375 930 2414 non
953 2354 1075 2437 jam
1106 2354 1391 2417 militibus
1416 2365 1673 2424 tantum,
1713 2347 1817 2411 sed
1852 2371 2033 2433 gene-

114 2434 290 2498 ratim
319 2433 618 2510 omnibuS,
668 2459 814 2521 quos
843 2439 1059 2499 Comes
1095 2440 1298 2503 Castri
1330 2454 1389 2504 et
1415 2434 1807 2528 provinciales
1842 2432 2035 2519 aliquo

117 2545 184 2583 se
216 2520 458 2583 crimine
484 2518 817 2605 hujusmodi
848 2521 1246 2588 adstrinxisse
1274 2532 1701 2613 cognoverunt.
1749 2521 1894 2582 Non
1924 2518 2034 2604 igi-

116 2618 216 2670 tur
258 2609 383 2692 jam
436 2605 829 2669 cunctandum
880 2621 975 2672 est
1034 2612 1330 2675 confiteri:
1399 2636 1508 2699 per
1562 2603 2035 2671 Constitutiones

120 2690 257 2754 anni
300 2700 463 2754 1222
512 2692 819 2757 Palatinos
874 2694 1060 2768 omni,
1129 2720 1242 2782 qua
1294 2700 1583 2761 Rectores
1638 2689 2035 2754 Communita-

119 2778 198 2840 tis
245 2777 399 2864 apud
443 2780 723 2849 Hunnos‚
768 2781 1233 2867 ,Hungarosque
1278 2782 1657 2854 fruebantur,
1709 2775 2038 2838 instructos

120 2861 473 2926 auctoritate
507 2862 722 2940 fuisse,
771 2877 831 2927 et
867 2868 1170 2929 Simonem
1204 2866 1274 2930 de
1309 2870 1510 2940 Keza,
1558 2887 1676 2926 non
1715 2862 1876 2923 illum
1911 2861 2036 2946 qui-

120 2947 282 3025 dem,
327 2948 462 3011 dum
502 2971 717 3011 munus
757 2953 1090 3014 Rectoris
1134 2949 1676 3016 Communitatis
1710 2959 1847 3034 post
1889 2959 2034 3008 tem-

120 3057 267 3121 pora
311 3036 555 3118 Geyzae
585 3035 776 3098 Ducis
813 3034 1064 3098 desiisse
1100 3038 1419 3116 scriberet,
1468 3062 1502 3100 a
1539 3058 1680 3099 vero
1717 3030 2037 3117 scripsisse

54 3187 55 3190 Ἴ
122 3118 407 3191 alienum;
465 3119 666 3182 Judici
723 3121 874 3184 enim
921 3121 1034 3198 illi,
1095 3123 1549 3187 Communitatis
1606 3121 1794 3182 electo
1844 3117 2033 3178 sufra-

123 3204 271 3291 giis,
303 3215 615 3290 postquam
650 3204 701 3266 d.
735 3205 1079 3292 Stephanus
1125 3212 1226 3294 jus
1268 3207 1728 3272 mandandorum
1778 3201 2035 3264 omnium

124 3288 297 3375 regni
335 3288 803 3374 Magistratuum
849 3290 960 3352 sibi
986 3292 1248 3368 retinuit,
1274 3293 1473 3357 Judex
1493 3288 1804 3352 Palatinus
1825 3287 2035 3372 Regis,

125 3386 422 3462 potestate
460 3373 956 3470 legibusfcircum
986 3375 1210 3463 scripta
1242 3375 1565 3448 suecessit3
1612 3377 1664 3436 si
1688 3386 1884 3436 tamen
1905 3376 2035 3436 Ma'-

127 3461 422 3546 gistratus
456 3458 616 3521 illius
645 3458 786 3521 dare
826 3458 1134 3522 historiam
1171 3462 1490 3537 voluisset,
1538 3460 1692 3522 hunc
1725 3456 1902 3521 nihilo
1942 3482 2033 3521 se—

129 3546 255 3609 cius
287 3558 496 3632 postea
521 3568 782 3630 quoque,
816 3567 996 3608 unum
1028 3546 1282 3610 omnium
1305 3543 1834 3610 Archiofficialium
1856 3544 2029 3631 regni
