2340 3886
0 3498 3 3576 b

0 3584 5 3662 l,

513 884 1022 973 Notitiae
1116 866 1632 1005 praeviae

1006 1102 1150 1176 §r

814 1267 1044 1314 Summa
1108 1265 1332 1314 harum.

111 1468 426 1588 Scribere
484 1522 555 1584 de
610 1520 794 1583 rebus
839 1519 1190 1606 hungaricis
1249 1519 1417 1597 aevi,
1478 1520 1635 1605 quod
1680 1524 1876 1606 ajunt,
1924 1545 2040 1586 me-

109 1609 188 1674 dii
242 1611 560 1684 volentem,
615 1619 752 1669 ante
807 1605 1002 1668 omnia
1049 1603 1190 1690 quid
1235 1603 1306 1666 de
1353 1627 1650 1689 anonymo
1696 1607 1880 1670 Belae
1926 1611 2041 1672 Re—

108 1695 207 1781 gis
253 1693 514 1756 Notario
558 1690 879 1755 tenendum
927 1701 1190 1765 censeat,
1245 1689 1316 1749 in·
1335 1702 1575 1774 promtu
1612 1690 1836 1754 habere
1869 1717 2040 1779 opor-

108 1792 212 1843 tet.
259 1781 451 1855 Quam
494 1777 686 1862 igitur
739 1774 1111 1850 KatonaiUS,
1178 1772 1271 1834 vir
1327 1774 1401 1835 ab
1458 1774 1722 1860 ingenua
1773 1776 1889 1839 fide
1941 1802 2042 1841 ve-

108 1864 279 1949 rique
324 1861 635 1947 diligentia
679 1859 1083 1935 clarissimus,
1147 1858 1347 1943 legem
1394 1859 1706 1922 constituit
1751 1861 1898 1937 sibi,
1971 1863 2042 1925 de

107 1948 207 2010 illo
250 1960 313 2009 ut
352 1946 640 2031 quaedam
682 1944 974 2007 historiae
1021 1965 1167 2004 suae
1211 1943 1457 2006 criticae
1501 1944 1828 2030 primorum
1872 1951 2042 2008 Hun-

109 2032 315 2118 gariae
354 2034 592 2093 Ducum
634 2041 1048 2118 praeponeret,
1093 2027 1265 2089 valde
1303 2028 1520 2114 probo;
1575 2030 1867 2116 planeque
1907 2055 2041 2094 sen-

108 2117 212 2194 ti0,
246 2140 318 2179 ex
337 2116 672 2201 praesentis
712 2114 972 2177 instituti
1012 2111 1245 2175 ratione
1291 2114 1678 2200 praecipuum
1718 2139 1855 2177 esse
1898 2139 2040 2201 quo-

110 2201 418 2264 dammodo
474 2224 690 2263 munus
748 2220 1117 2287 pensumque
1150 2221 1365 2274 meum,
1413 2211 1479 2261 ut
1525 2200 1802 2284 quoniam
1834 2200 1896 2262 in
1927 2201 2041 2264 hoc

108 2285 492 2349 historiarum
536 2308 789 2371 genere,
862 2284 1019 2370 quod
1064 2282 1223 2345 circa
1249 2283 1526 2361 initium,
1590 2285 2039 2362 incrementum,

107 2393 514 2456 summamque
567 2372 892 2434 collocatae
946 2369 1142 2454 aliquo
1198 2381 1364 2431 statu
1407 2393 1515 2456 per
1558 2373 1891 2455 Hungaros
1953 2371 2042 2434 rei

108 2455 433 2542 publicae,.
467 2468 874 2541 mutatasque,
940 2467 1248 2517 crescente
1294 2467 1527 2531 aetate,
1592 2455 1816 2518 formas
1862 2455 2040 2541 hujus

108 2540 649 2625 repraesentandas
693 2552 1001 2618 versatur,
1048 2538 1413 2603 domesticus
1458 2539 1558 2602 ille
1597 2553 1657 2603 et
1696 2540 2040 2625 antiquissi-

108 2647 240 2687 mus
266 2637 475 2687 auctor
510 2638 636 2701 est,
684 2626 755 2688 de
787 2637 984 2687 aetate
1019 2624 1418 2708 laudibusque
1449 2627 1606 2708 ejus,
1653 2624 1714 2684 in
1759 2637 2040 2708 retegen-

109 2707 199 2771 dis
246 2709 458 2772 horum
498 2708 1071 2773 Commentariorum
1108 2708 1373 2771 fontibus
1424 2708 1678 2793 primum
1725 2707 2038 2786 disseram,

106 2794 423 2880 Paulloque
468 2794 731 2857 uberius
812 2798 1122 2857 Vocantur
1164 2817 1308 2855 vero
1355 2793 1552 2855 fontes
1598 2791 1741 2854 mihi
1786 2816 2039 2879 genera-

27 2944 29 2946 .
109 2878 214 2941 tim
271 2878 460 2965 proha
514 2903 784 2965 quaeque
847 2878 1220 2976 antiquitatis
1281 2890 1662 2940 monumenta
1726 2878 2038 2976 ejusmodi,

110 2985 262 3048 quae
307 2964 381 3026 ad
426 2965 744 3027 memorias
805 2962 1212 3049 hungaricas,
1269 2963 1429 3026 intra
1485 2962 1722 3026 modum
1778 2964 2038 3026 lnstituti

108 3046 308 3133 hujus,
363 3071 472 3110 seu
518 3049 895 3135 exequendas
951 3073 1059 3113 seu
1118 3048 1510 3111 classicorum
1554 3048 1747 3110 instar
1791 3049 2036 3111 testium

107 3131 528 3209 illustrandaS,
595 3157 723 3197 rem
775 3133 966 3218 igitur
1027 3156 1386 3219 causamque
1439 3146 1816 3220 praesentem
1862 3155 2036 3194 exco-

108 3217 344 3280 lendam
390 3217 717 3281 conferunt.
783 3221 997 3282 Ortum
1044 3242 1276 3294 eorum,
1334 3217 1388 3280 si
1431 3218 1813 3292 considereS,
1862 3216 2036 3280 alteri

111 3299 419 3365 domestici
466 3314 635 3374 sunt3
697 3302 870 3366 alteri
915 3303 1171 3377 externi3
1244 3303 1434 3366 dicam
1480 3303 1551 3365 de
1596 3300 1870 3385 utrisque
1916 3325 2032 3364 non

109 3387 285 3483 plane
337 3409 783 3472 supervacanea
836 3400 896 3450 et
939 3388 1215 3475 vprotrita
1276 3389 1486 3472 vulgo:
1565 3384 1636 3446 de
1692 3384 2035 3448 domesticis

107 3494 295 3555 prius,
328 3471 399 3535 de
424 3471 725 3535 extraneis
749 3472 974 3535 deinde.
999 3472 1259 3536 Laboris
1277 3469 1653 3614 postmodurp
1665 3470 2034 3591 pdjumenta,
