2384 3886
1936 231 2012 286 11

102 370 193 432 sin
232 370 285 431 b.
332 369 601 433 Ladislai
647 394 695 433 a.
747 377 907 432 1192
959 380 1293 454 peractam,
1354 369 1618 454 duosque
1672 372 1797 453 jam
1846 372 2013 431 Hun-

100 454 308 541 gariae
334 458 535 554 Reges
564 455 850 518 Divorum
874 453 1049 515 fastis
1081 452 1331 531 additos,
1376 455 1555 516 scribi
1583 477 1704 521 non
1724 454 2010 541 potuisse.

99 540 275 603 Haud
306 540 569 626 equidem
607 538 828 616 nescio,
876 538 1197 626 epithetum
1228 542 1584 602 Sanctorum
1610 538 1792 602 tribui
1830 562 2012 625 saepe

98 625 396 712 Regibus,
443 624 656 711 quibus
695 623 952 687 honores
989 625 1283 687 caelestes
1314 624 1551 687 decreto
1588 623 1862 688 Eclesiae
1896 648 2012 688 non

104 709 409 773 habentur.
473 711 637 785 Quos
675 721 877 772 'tamen
923 708 1017 772 hic
1063 721 1227 772 tenet
1270 709 1612 795 scrupuluS,
1675 710 2014 774 meminisse

100 796 298 858 velim:
343 793 524 856 verba
557 794 657 856 illa
695 817 833 858 esse
874 819 989 858 non
1037 794 1348 881 scriptoris
1385 794 1761 871 cuicuimodi,
1809 819 2013 858 verum

97 878 471 955 Cancellarii,
520 880 680 965 stylo
720 880 938 943 Curiae
970 881 1225 967 Regiae,
1267 878 1703 966 virtutibusque
1737 893 1797 943 et
1822 879 2012 966 digni-

98 964 316 1050 tatibus
362 964 677 1028 verborum
710 966 1111 1053 appendendis
1159 965 1413 1042 insveti,
1469 977 1529 1028 et
1587 965 1686 1052 qui
1733 965 1806 1027 ad
1866 965 2013 1028 haec

96 1049 157 1112 in
202 1049 454 1138 prologo
506 1050 766 1137 ingenue
823 1050 1115 1129 declarat,
1177 1051 1458 1139 optimum
1510 1075 1576 1114 se
1620 1050 1901 1128 duxisse,
1950 1063 2013 1114 ut

93 1157 234 1199 vere
274 1148 335 1199 et
370 1135 716 1223 simpliciter
757 1137 1063 1201 scriberet.
1132 1141 1263 1214 Quo
1306 1136 1537 1223 quidem
1572 1137 1847 1200 instituto
1898 1160 2010 1199 suo

94 1219 175 1284 ad
228 1221 423 1318 vulgi
483 1222 928 1286 accomodato
988 1222 1380 1308 ingenium,
1451 1236 1744 1286 sanctos
1792 1223 2010 1310 populo

91 1309 441 1392 Hungarlae
498 1310 701 1394 Reges
769 1308 1103 1375 adstruere„
1135 1320 1272 1370 ante
1313 1330 1529 1369 annum
1589 1316 1749 1371 1192
1807 1307 2010 1394 nequi-

92 1391 190 1454 vit.
255 1393 668 1480 Quapropter?
731 1393 865 1478 quia
909 1394 1162 1481 populus
1208 1405 1384 1456 antea
1429 1415 1608 1455 unum
1654 1391 1825 1456 modo
1873 1396 2010 1456 Ste-

90 1475 370 1574 phanum,
418 1491 688 1541 sanctum
722 1481 950 1565 Regem
980 1479 1239 1566 publice,
1285 1478 1673 1566 privatimque
1707 1478 1894 1556 novit,
1949 1490 2010 1542 et

88 1562 220 1627 ideo
256 1562 471 1649 festum
512 1567 640 1652 ejus
690 1568 920 1642 „Szent
956 1565 1176 1651 Kiraly
1210 1566 1426 1652 napja“
1466 1563 1682 1627 festum
1716 1568 1778 1627 S.
1818 1563 2008 1650 Regis

91 1651 270 1734 (Reg.
304 1649 528 1713 Varad.
571 1674 727 1712 num.
761 1657 913 1732 282)
950 1652 1132 1737 vulgo
1168 1649 1328 1713 dixit.
1381 1653 1495 1713 Est
1526 1649 1717 1735 igitur
1756 1648 1870 1711 alia
1908 1672 2007 1737 ap-

89 1733 424 1821 pellationis
488 1739 883 1811 „Sanctorum
929 1739 1203 1823 Regum“
1244 1735 1484 1823 propria
1559 1735 1880 1822 quaedam,
1949 1747 2008 1799 et

88 1819 261 1905 plane
291 1819 616 1906 singularis
640 1821 793 1908 apud
814 1825 1145 1908 Hungaros
1171 1823 1352 1899 ratio,
1386 1819 1599 1906 religio
1629 1845 1769 1885 vero
1817 1833 2005 1897 tanta,

89 1916 155 1966 ut
195 1927 325 1967 cum
357 1905 417 1967 in
463 1930 532 1969 ea
575 1906 920 1970 celebritate
976 1906 1320 1995 apotheosis
1369 1930 1417 1969 S.
1466 1906 1771 1985 Ladislai,
1847 1907 2004 1992 lege,

88 1989 321 2078 opinor,
369 1990 757 2055 constitutum
795 2006 986 2057 esset:
1032 1997 1267 2079 Regum
1303 1993 1510 2055 horum
1545 2004 1611 2054 ut
1645 1995 1910 2056 Numina
1945 1991 2006 2053 in

88 2075 460 2164 auspicandis
499 2077 739 2165 proeliis
790 2077 1233 2152 invocarentur3
1303 2102 1419 2143 usu
1466 2078 1743 2165 deinceps
1796 2101 2005 2168 perpe-

87 2171 188 2224 tuo
225 2174 284 2225 et
307 2160 418 2226 hos
441 2163 728 2250 propitios
760 2165 1007 2228 solemni
1038 2164 1296 2228 carmine
1339 2169 1610 2243 „Szent
1640 2165 1848 2229 Kiral
1862 2164 2004 2251 yok

89 2249 510 2332 segetsetek
562 2257 679 2330 (ss
723 2252 927 2336 Reges
972 2249 1253 2338 adjuvate
1288 2260 1435 2333 nos)
1487 2263 2006 2339 comprecarentur

94 2331 237 2408 sibi,
273 2341 319 2414 1)
366 2346 426 2397 et
456 2335 518 2397 in
556 2336 755 2422 legum
797 2337 1049 2414 tabulis,
1103 2338 1496 2425 appellatione
1540 2337 1679 2415 hac,
1734 2337 1870 2400 unis
1908 2335 2003 2398 his

89 2420 438 2504 Hungariae
492 2421 894 2485 praestitibus
950 2422 1279 2487 indicandis
1318 2437 1643 2501 uterentur,
1691 2447 1841 2510 quae
1875 2423 2002 2484 nul-

87 2503 240 2580 lum,
309 2506 615 2593 speciatim
664 2521 771 2570 art.
826 2515 925 2572 57.
975 2516 1155 2574 1498.
1196 2516 1246 2589 2)
1306 2508 1582 2573 habitura
1622 2509 1702 2572 sit
1738 2531 2001 2583 sensum,

85 2587 138 2649 si
174 2589 391 2674 nugis,
457 2592 671 2677 quibus
731 2593 912 2679 aliqui
977 2593 1087 2657 hoc
1139 2595 1601 2682 triumphantem
1646 2606 2000 2680 argumento

88 2675 348 2759 Prayum
398 2675 676 2740 insectati
721 2691 889 2755 sunt,
948 2679 1241 2766 quippiam
1279 2680 1577 2743 detuleris

221 2865 262 2924 l)
310 2862 495 2914 Chron.
538 2865 698 2915 Dubn.
741 2866 986 2930 praeclara
1017 2867 1198 2918 Podhr.
1234 2884 1382 2933 opera
1421 2866 1666 2917 Chronico
1700 2866 1823 2915 Bud.
1858 2865 1999 2914 addi—

86 2953 187 2995 tum
219 2964 328 3012 pag.
365 2945 511 2999 323:
547 2951 632 3000 sed
662 2951 877 3016 Hungari
903 2952 1169 3003 clamantes
1202 2954 1407 3015 „Sancti
1437 2954 1595 3017 Reges
1620 2951 1841 3017 adjuvate
1862 2955 1995 3000 nos“

86 3031 333 3082 victoriam
371 3034 662 3086 hahuerunt.
716 3037 943 3087 Vetustae
991 3039 1355 3089 consvetudinis
1394 3038 1540 3104 hujus
1580 3036 1993 3089 exstantissimum

82 3116 211 3166 aliud
252 3124 327 3166 est
363 3117 412 3167 in
444 3119 512 3169 lit.
556 3121 665 3171 Car.
699 3121 823 3171 Rob.
860 3123 915 3173 C.
949 3124 1008 3174 D.
1042 3125 1170 3186 VllI,
1204 3142 1248 3174 v.
1285 3122 1349 3185 2,
1393 3140 1505 3190 pag.
1551 3119 1668 3172 203
1721 3121 1994 3184 vestigium,

86 3201 206 3261 „ubi
240 3203 339 3252 Deo
372 3204 648 3266 auxiliante,
701 3214 749 3256 et
781 3215 1062 3258 sanctorum
1101 3210 1289 3274 Regum
1322 3216 1606 3259 nostrorum
1637 3207 1996 3256 Praedecessffi

84 3302 190 3336 rum
216 3286 462 3352 juvamine
493 3289 775 3354 opitulante,
824 3293 1074 3344 victoriam
1103 3295 1392 3345 laudabilem
1424 3294 1744 3344 habuimuS.“

213 3374 261 3440 2)
307 3375 406 3424 Art.
433 3371 528 3426 57.
559 3369 715 3425 1498
753 3377 849 3437 „ab
877 3379 970 3428 illis
998 3396 1129 3441 vero,
1162 3380 1337 3446 quibus
1367 3385 1605 3446 perpetuo
1626 3381 1708 3425 aut
1738 3374 1830 3424 alio
1868 3391 1996 3440 quo-2

0 3473 2 3502 ι
82 3473 290 3522 cumque
315 3458 427 3524 jure
457 3461 617 3510 honor
647 3460 851 3526 alicujus
878 3463 1149 3516 Comitatus
1184 3466 1421 3515 hactenus
1445 3464 1649 3514 collatus
1679 3461 1868 3522 fuisset,
1903 3477 1994 3512 au-

78 3542 280 3605 scratu1·;
317 3544 428 3594 nisi
460 3561 563 3610 per
588 3552 829 3596 sanctos
868 3546 1058 3612 Reges
1094 3550 1422 3615 superinde
1456 3548 1684 3614 aliquas
1715 3546 1992 3597 collatio-

0 3642 4 3675 r
77 3641 204 3687 ne5‚
254 3629 375 3678 sive
406 3617 717 3696 privilegia
749 3632 1129 3682 habuerint.“

482 2807 593 2814 ——-.
