2384 3886
374 179 456 235 18

370 316 676 401 Rogerius
711 328 1000 392 testatur,
1045 314 1348 378 natalibus
1394 328 1592 394 ortus,
1638 339 1813 404 quem
1858 341 1993 382 cum
2039 322 2107 384 N
2110 321 2302 386 otario

370 413 580 464 nostro
649 401 711 462 in
751 407 1098 485 juventute,
1157 401 1470 485 magistris
1518 401 1730 466 iisdem
1796 401 2142 490 disciplinae
2198 407 2302 469 ho-

370 508 580 547 narum
621 486 838 548 artium
874 507 1115 571 operam
1145 507 1432 563 navasse,
1479 500 1539 550 et
1569 500 1636 549 ut
1674 486 1771 549 hic
1799 487 2122 574 primordia
2154 514 2302 575 gen-

367 570 475 647 tis,
543 593 660 655 qua
707 567 847 631 editi
909 568 1081 632 ambo
1135 582 1374 647 essent,
1438 571 1844 657 perscriberet
1917 571 2304 638 vehementer

366 667 672 716 auctorem
715 651 907 716 fuisse
946 677 1021 716 ex
1053 654 1307 740 prologo
1344 656 1543 741 operis
1587 659 1720 741 ejus
1765 657 2057 719 novimus.
2113 657 2302 723 Nico-

364 739 522 799 laum
549 737 709 799 hunc
739 737 951 800 deinde
983 739 1252 801 BelalV.
1278 754 1432 803 anno
1468 748 1634 802 1234
1679 741 2304 804 Vice-Cancellarium

364 845 539 884 suum
582 821 984 896 renunciavit3
1030 821 1383 886 Matthiae
1415 822 1558 904 (hoc
1592 825 1748 887 enim
1785 826 2062 894 Notario
2090 838 2302 889 nostro

363 913 607 986 nomen)
656 906 793 969 dum
841 907 904 968 in
954 907 1108 968 vivis
1163 921 1358 985 esset,
1400 909 1849 985 familiaritatis,
1908 909 2301 973 necessitudi-

360 991 580 1076 nisque·
610 991 875 1068 vinculo,
919 1014 1029 1078 per
1059 1004 1310 1054 mortem
1350 1016 1493 1055 vero
1529 992 1603 1053 ad
1630 996 1913 1076 Sajonem
1953 994 2298 1080 oppetitam,

362 1075 593 1161 aequali
646 1075 924 1138 heroicae
981 1098 1217 1160 quoque
1268 1075 1637 1138 fortitudinis
1693 1075 1891 1160 gloria
1909 1077 1969 1139 in
2011 1091 2302 1164 perpetua

358 1173 628 1247 tempora
665 1158 1235 1244 conjunctissimum.

1229 1392 1272 1469 g
1318 1396 1415 1453 15.

977 1543 1338 1610 Biographia
1376 1546 1670 1607 auctoris;

526 1690 670 1753 Fuit
717 1690 772 1752 is
822 1691 1009 1753 Belae
1054 1694 1166 1754 IV.
1214 1690 1353 1754 inde
1384 1715 1576 1776 usque
1615 1715 1650 1754 a
1681 1691 1939 1778 pueritia
1969 1691 2182 1780 hujus,
2227 1708 2295 1758 ut

353 1775 454 1862 qui
500 1775 753 1837 maxime
810 1774 1058 1853 charuS,
1090 1798 1453 1862 ·munusque
1504 1776 1750 1839 Notarii
1803 1775 2071 1863 ejusdem
2117 1801 2293 1856 anno,

352 1873 420 1923 ut
481 1859 737 1922 diximus
792 1868 962 1923 1223
1010 1859 1222 1938 adivit,
1283 1871 1343 1923 et
1397 1883 1505 1946 per
1540 1884 1711 1924 omne
1750 1861 2294 1926 laboriosissimum

353 1968 519 2022 sane,
556 1958 620 2007 ut
657 1946 759 2022 ait,
795 1946 984 2008 seculi
1017 1944 1200 2030 hujus
1240 1945 1519 2030 spatium,
1553 1969 1669 2031 quo
1698 1947 1847 2009 Bela
1864 1950 1976 2009 1V.
2011 1947 2292 2011 Oroatiae

350 2053 545 2115 usque
574 2052 793 2091 annum
827 2036 1013 2106 1228,
1060 2041 1201 2115 post
1234 2028 1442 2092 deinde
1500 2031 1945 2115 Transylvanis
2011 2032 2290 2118 praefuit,

350 2114 436 2176 ita
469 2115 696 2199 gessit,
756 2127 824 2176 ut
858 2138 893 2176 a
931 2113 1198 2177 consiliis
1248 2117 1379 2199 ejus
1430 2137 1668 2201 semper
1707 2116 2066 2202 praecipuus
2105 2130 2289 2180 esset.

348 2202 421 2260 In
440 2200 649 2285 primis
704 2199 969 2261 muneris
1009 2199 1104 2261 sui
1149 2198 1463 2285 auspiciiS,
1514 2198 1742 2262 honore
1781 2200 2125 2286 Praepositi
2167 2204 2292 2264 Za-

349 2283 695 2369 grahiensis
757 2296 1000 2360 auctuS,
1048 2283 1346 2369 gliscente
1401 2282 1559 2345 intra
1620 2296 1877 2347 aetatem
1919 2285 2076 2347 hanc
2115 2288 2320 2369 -Ponffi

348 2369 574 2431 tificum
625 2372 1026 2432 Romanorum
1076 2369 1136 2430 in
1193 2366 1565 2431 nominandis
1613 2370 1987 2432 Eclesiarum
2035 2374 2290 2456 Hunga-

347 2453 475 2516 riae
512 2454 910 2516 Praesulihus
950 2452 1284 2530 dominatu,
1326 2451 1424 2514 diu
1455 2477 1575 2515 non
1606 2455 1767 2516 ultra
1792 2455 2042 2516 eluctari
2075 2455 2288 2541 potuit.

347 2541 531 2601 Anno
572 2551 772 2601 tamen
814 2545 979 2600 1235
1025 2538 1364 2624 Episcopus
1410 2538 1736 2600 Vaciensis
1792 2546 1839 2618 1)
1896 2537 2287 2602 renunciatus

347 2623 623 2686 Eclesiae
662 2623 803 2685 huic
844 2647 966 2685 non
1008 2624 1191 2708 longe
1237 2622 1434 2684 minus
1478 2622 1651 2684 annis
1702 2636 1958 2708 quatuor
1997 2624 2285 2710 praesuit3

348 2729 383 2769 a
437 2721 629 2769 morte
688 2731 943 2792 namque
998 2706 1250 2771 Roherti
1300 2705 1764 2794 Archiepiscopi
1817 2708 2284 2792 Strigoniensis,

348 2790 626 2854 concordi
681 2791 952 2875 sufragio
988 2791 1228 2877 capituli
1286 2792 1461 2875 ejatis
1482 2840 1498 2868 ,
1548 2790 1623 2853 ad
1655 2791 1859 2854 sedem
1885 2792 2042 2857 hanc
2078 2805 2285 2889 postu-

347 2877 507 2938 latus
546 2888 656 2938 est.
711 2875 1051 2960 Gregorius
1086 2879 1197 2937 IX.
1245 2876 1525 2938 simulata
1563 2898 1787 2952 causa,
1819 2878 2285 2962 postulationem

346 2961 543 3022 minus
605 2960 888 3023 canonice
931 2960 1269 3023 institutam
1318 2982 1487 3036 esse,
1547 2960 1781 3046 reipsa,
1840 2960 1995 3046 quod
2044 2961 2106 3023 in
2149 2985 2283 3024 eum

348 3044 766 3108 sacerdotibus
796 3044 970 3107 Italis
1015 3068 1159 3131 opes
1196 3045 1553 3130 Hungariae
1597 3044 2026 3130 ligurientibus
2075 3046 2282 3109 adver-

349 3153 483 3191 sum
528 3129 725 3191 minus
778 3153 968 3215 aequo
1021 3130 1216 3192 animo
1255 3141 1455 3207 esset,
1500 3129 1655 3192 tanti
1700 3131 2120 3195 auctoritatem
2156 3154 2281 3193 mu-

476 3315 520 3373 l)
567 3313 691 3363 Cod.
733 3313 844 3378 Dip.
888 3313 945 3363 T.
987 3313 1063 3362 IV.
1109 3330 1153 3363 v.
1201 3312 1253 3363 1.
1298 3330 1348 3379 p.
1388 3312 1525 3365 178.
1592 3316 1711 3366 Post
1747 3315 1940 3381 vulgata
1969 3283 2281 3379 per-Vagae-

346 3412 457 3445 rum
481 3397 757 3462 Diplomata
775 3405 935 3448 terrae
967 3398 1310 3463 Scepusiensis
1341 3401 1530 3463 primus
1562 3416 1675 3450 eum
1706 3402 1757 3451 in
1789 3400 1966 3451 scriem
1997 3398 2302 3477 Episcopo—-

346 3493 455 3530 rum
488 3481 793 3533 Vacicnsium
828 3483 1107 3533 Desericius
1138 3484 1439 3548 postliminio
1471 3485 1651 3536 intulit.
