2384 3886
1880 214 2006 271 319

101 354 280 416 istum
318 354 375 414 in
421 354 604 417 Curia
651 376 788 433 sua,
835 366 895 417 et
928 353 1081 440 apud
1114 354 1389 441 populum
1426 366 1485 417 et
1513 376 1620 440 pro
1652 352 2005 439 frequentis-

70 473 72 475 ·
106 438 255 500 sima
275 437 450 524 hujus
483 440 761 503 concione
799 439 1013 524 injure
1047 437 1294 502 dicundo
1332 463 1570 526 operam
1605 462 1860 502 navasse
1892 441 2005 502 Re-

103 524 297 608 gibus.
342 528 443 587 An
484 526 659 588 etiam
682 526 740 587 in
766 523 1051 611 principio
1077 524 1344 587 conditae
1371 524 1795 588 Monarchiae?
1821 527 2006 587 Immo

102 633 243 672 vero
274 622 396 672 tum
433 609 697 673 maxime.
742 613 812 671 ln
844 632 1086 671 numero
1131 609 1568 673 adversantium
1617 634 1784 673 meus
1830 610 2006 673 etiam

4 755 6 757 ,
108 695 383 792 Fejerius
413 707 534 771 est,
577 694 650 757 ab
676 694 830 758 edito
864 693 1084 757 Codice
1109 694 1501 780 Diplomatico
1522 696 1871 780 Hungariae
1892 695 2006 757 cla-

1 797 30 845 5'1-
104 802 408 855 rissimuS,
467 781 565 865 qui
606 779 677 843 de
723 792 1107 866 argumento,
1153 778 1263 843 hoc
1301 781 1574 866 professa
1609 804 1788 867 opera
1821 780 2007 844 disse-

0 856 31 950 ,μ’
100 865 234 927 ruit.
258 872 307 944 2)
361 865 532 942 Quod
571 865 802 952 quidem
832 866 931 928 ille
972 863 1107 927 dum
1140 865 1387 941 faceret,
1434 865 1642 927 vellem
1681 866 2007 929 sententiae

101 973 245 1013 suae
293 948 510 1036 aliquid
545 975 616 1014 ex
652 950 1041 1039 diplomaticis
1082 973 1315 1037 quoque
1350 949 1560 1036 opibus
1597 950 1723 1012 suis
1750 950 2008 1037 imperti-

102 1035 312 1110 visset3
357 1048 700 1123 tantumque
734 1061 769 1099 a
798 1037 1057 1186 negotiis
1096 1036 1227 1099 aliis
1277 1049 1489 1099 nactus
1530 1035 1744 1099 fuisset
1792 1036 1912 1114 otii,
1945 1050 2009 1100 ut

8 1174 21 1192 .,
104 1133 280 1208 caput
309 1130 407 1185 93.
461 1122 496 1183 l.
527 1126 636 1184 Ill.
693 1146 740 1184 S.
781 1126 876 1186 La
918 1124 1008 1185 isl.
1058 1146 1189 1186 cum
1236 1134 1345 1185 art.
1385 1125 1496 1184 IX.
1544 1122 1755 1184 Bullae
1795 1146 2010 1186 aureae

4 1285 12 1296 x
103 1206 291 1269 Andr.
320 1211 418 1284 11„
465 1219 524 1270 et
550 1208 795 1271 Decreti
830 1209 900 1272 de
929 1232 978 1271 a.
1010 1216 1170 1271 1231
1205 1221 1314 1271 art.
1344 1215 1451 1284 2⁰,
1487 1230 1734 1293 quorum
1760 1219 2009 1294 uterque

13 1300 18 1301 ⁷
103 1316 235 1355 cum
276 1293 330 1356 le
380 1317 412 1356 e
456 1292 557 1355 illa
599 1318 645 1356 s.
676 1295 902 1358 Ladisl.
947 1294 1020 1356 ad
1060 1294 1289 1357 literam
1330 1305 1644 1370 consonat,
1691 1317 2010 1380 omnesque

103 1377 275 1440 simul
358 1401 390 1440 e
435 1379 787 1443 auctoritate
833 1392 1022 1465 agunt
1062 1379 1311 1443 Comitis
1358 1378 1573 1442 Curiae
1625 1379 1852 1465 Regiae
1901 1404 2010 1443 seu

105 1463 354 1527 Comitis
416 1464 672 1527 Curialis
702 1515 717 1542 ,
778 1466 1082 1553 paulisper
1136 1464 1519 1538 contendere3
1581 1478 1755 1552 caput
1802 1464 2009 1529 deinde

102 1557 182 1612 25
237 1549 372 1612 libri
431 1549 589 1613 illius
642 1549 720 1614 de
769 1550 1194 1614 auctoritate
1253 1549 1529 1628 Judicis
1595 1575 1667 1613 ex
1727 1551 2008 1615 instituto

104 1659 151 1697 s.
197 1634 483 1723 Stephani
534 1635 606 1698 ad
658 1637 818 1699 solos
869 1637 1087 1700 milites
1141 1649 1200 1700 et
1244 1637 1532 1722 reliquum
1578 1637 1852 1724 populum
1896 1661 2008 1700 re-

28 1780 31 1783 *
103 1721 380 1797 stricta,
428 1745 556 1783 cum
576 1735 684 1785 art.
709 1723 980 1785 S'Bullae
1006 1745 1252 1797 aureae,
1304 1746 1416 1808 quo
1448 1721 1596 1784 haec
1621 1722 1812 1785 instar
1839 1721 2007 1786 Judi-

104 1807 188 1868 cis
213 1805 663 1870 Communitatis
693 1808 756 1870 in
791 1831 1027 1871 omnes
1061 1808 1372 1871 homines
1403 1807 1634 1894 regni,
1669 1832 1738 1870 ac
1765 1807 2010 1894 proinde

105 1893 366 1955 Comites
418 1915 648 1979 quoque
696 1907 943 1958 extensa
987 1906 1110 1971 est,
1171 1894 1438 1957 conferre
1493 1893 1678 1956 eidem
1718 1906 2009 1956 vacasset.

0 2044 1 2047 Ἴ
102 1977 256 2055 Quid
303 1983 469 2041 tum?
512 1982 576 2039 Is
617 1979 743 2066 ipse
768 1992 975 2042 auctor
989 2003 1096 2065 pro
1129 2002 1229 2055 ea,
1277 2003 1392 2064 qua
1423 1978 1484 2039 in
1521 1978 1846 2042 enodandis
1881 1980 2009 2064 plu-

101 2063 266 2126 ribus
299 2063 654 2126 difficillimis
705 2064 1153 2151 quaestionibus
1182 2088 1329 2129 usus
1362 2077 1485 2141 est,
1533 2077 1592 2127 et
1615 2063 1792 2126 animi
1826 2077 1885 2127 et
1923 2065 2009 2126 in-

101 2148 264 2236 genii
290 2149 568 2212 facultate
594 2163 827 2214 ceteros
857 2173 1088 2236 quoque
1115 2150 1359 2214 meliora
1389 2149 1671 2213 docturus
1706 2163 1852 2226 erat,
1889 2150 2008 2236 qui,

6 2297 8 2299 ,
101 2258 388 2322 personas
412 2232 620 2298 horum
649 2237 975 2300 officiorum
1004 2248 1379 2312 commutant,
1416 2247 1697 2321 tantaque
1720 2236 1821 2297 uni
1852 2247 1911 2298 et
1936 2235 2009 2298 ad

105 2320 344 2384 Curiam
375 2323 651 2406 Regiam,
688 2334 748 2385 et
774 2334 942 2385 extra
966 2321 1118 2384 hanc
1152 2320 1430 2383 mandant
1464 2320 1735 2406 negotia,
1773 2320 2008 2406 quantis

28 2481 32 2490 ἱ
103 2406 276 2468 simul
298 2417 574 2491 recteque
607 2407 892 2471 obeundis
926 2405 1102 2470 unius
1134 2407 1409 2469 sufficere
1435 2406 1594 2468 vires
1623 2404 1874 2469 hominis
1909 2430 2007 2469 ne-

107 2504 351 2578 queant;
405 2492 676 2555 Judicem
710 2518 849 2556 vero
894 2492 1108 2555 Curiae
1147 2492 1374 2577 Regiae
1401 2491 1474 2554 ad
1509 2492 1765 2555 Colonos
1812 2504 1871 2554 et
1904 2491 2006 2554 ho-

12 2583 14 2585 ’
104 2577 290 2665 spites
317 2577 616 2662 ablegant,
655 2591 715 2642 et
738 2592 804 2642 ut
820 2578 972 2641 hanc
993 2578 1363 2640 auctoritatis
1383 2580 1512 2663 ejus
1533 2577 1844 2640 orbitatem
1865 2600 2005 2663 quo-

105 2687 220 2749 quo
255 2663 634 2727 consolentur
666 2664 868 2741 mod0,
911 2664 1004 2726 'vel
1035 2662 1289 2749 inopiam
1314 2654 1542 2725 consilii
1566 2662 1617 2726 d.
1653 2662 2007 2760 Protoregis

15 2772 38 2817 π
106 2761 419 2826 excusent,
460 2771 590 2811 eum
619 2749 677 2811 in
709 2748 1141 2834 cognoscendis
1167 2747 1473 2811 Nobilium
1504 2748 1702 2811 causis
1732 2750 2006 2812 Palatino

104 2834 409 2898 Vicarium
433 2834 621 2920 primo
654 2835 1040 2911 constituunt,
1072 2846 1206 2920 post
1229 2834 1282 2897 ei
1310 2834 1648 2919 Cojudicem
1673 2834 2006 2920 assignant,

106 2933 165 2983 et
187 2920 340 3006 quod
366 2932 503 2983 ante
527 2920 719 2983 omnia
748 2917 1050 2983 dicendum
1076 2932 1222 2997 erat,
1252 2919 1506 2997 tandem,
1551 2922 1750 2984 nescio
1783 2945 1856 2984 ex
1891 2944 2006 3006 quo

20 3063 23 3065 ,
107 3017 395 3091 tempore,
433 3006 901 3092 praesentiam
929 3004 1219 3091 Regiam
1252 3004 1466 3068 dicunt.

237 3193 285 3251 2)
330 3191 381 3240 In
413 3192 611 3255 praefat.
645 3193 703 3242 ad
735 3192 913 3242 volum.
949 3188 983 3242 6
1017 3191 1155 3241 Tomi
1186 3192 1228 3242 X
1259 3192 1379 3243 Cod.
1414 3192 1538 3258 Dipl.
