2384 3886
1926 205 2008 261 27

166 507 233 587 b)
279 511 380 572 De
424 507 741 573 fontibus
787 506 1232 585 domesticis,
1300 509 1414 593 qui
1458 508 1917 595 Diplomatici

871 618 1219 668 vocantur

949 795 994 871 ς
1039 798 1138 853 24.

685 944 1024 1012 Diplomata
1067 946 1195 996 rite.
1229 945 1391 997 edita

248 1131 495 1196 Literae
539 1132 860 1210 solemnes,
918 1133 979 1196 id
1023 1157 1166 1197 vero
1213 1146 1336 1197 est:
1383 1133 1458 1197 ad
1503 1131 1886 1196 characteres
1923 1130 2009 1193 in-

77 1229 284 1281 ternos
340 1229 743 1302 externosque
804 1218 943 1302 lege
1003 1230 1105 1280 aut
1158 1241 1274 1280 usu
1330 1241 1551 1281 coaevo
1603 1217 2011 1314 praescriptos

77 1314 322 1364 exactae
347 1350 362 1378 ,
418 1324 569 1387 quae
619 1302 697 1364 ad
741 1302 1085 1364 memoriam
1128 1302 1218 1364 rei
1262 1315 1505 1386 gestae,
1551 1301 1829 1387 jurisque
1873 1300 2010 1362 inde

76 1386 235 1449 enati
280 1399 634 1463 exarantur,
689 1385 1053 1470 generatim,
1113 1409 1308 1471 neque
1354 1386 1509 1448 enim
1554 1385 1628 1447 ad
1671 1386 1872 1446 vivum
1917 1407 2009 1446 re-

76 1493 237 1546 sec0,
281 1470 690 1556 Diplomata
734 1470 996 1533 audiunt.
1055 1473 1215 1532 Sunt
1257 1468 1408 1533 haec
1450 1469 1689 1556 plurimi
1724 1467 1799 1531 ad
1837 1468 2010 1530 insti-

75 1566 273 1617 tutum
316 1578 606 1641 praesens
655 1555 957 1631 momenti,
1014 1578 1123 1618 seu
1167 1554 1341 1617 titulo
1386 1555 1663 1641 professo
1711 1553 1783 1616 de
1822 1576 2009 1637 nego-

74 1638 177 1701 tiis
214 1639 287 1702 ad
322 1662 449 1701 rem
484 1639 781 1725 publicam
818 1639 1210 1702 attinentibus
1248 1652 1434 1724 agant
1462 1638 1574 1701 uti:
1611 1640 1785 1723 leges
1821 1637 2009 1722 scrip-

73 1735 193 1799 tae,
255 1726 358 1808 jus
422 1723 1006 1786 cons'vetudinarium
1066 1723 1243 1808 regni
1308 1723 1667 1808 Hungariae,
1717 1725 1827 1784 Ste
1869 1719 2010 1783 hani

73 1806 404 1870 Verb6czii
439 1807 854 1871 concinnatum
887 1831 1086 1894 opera,
1130 1815 1175 1887 1)
1212 1811 1404 1870 Pacta
1431 1807 1688 1894 publica,
1734 1744 2009 1869 Tabulae

73 1891 245 1978 pacis
301 1903 411 1954 cet.
471 1915 583 1955 seu
629 1891 789 1954 aliud
834 1892 1069 1978 agendo
1115 1891 1189 1954 ad
1234 1892 1491 1978 aliquam
1547 1892 1722 1953 simul
1765 1889 2008 1976 publici,

74 1988 178 2038 aut
222 1975 439 2062 privati
473 1976 631 2061 juris
676 1999 1025 2062 morumque
1067 1988 1127 2039 et
1171 1976 1667 2039 consvetudinum
1715 1975 2009 2037 avitarum

72 2072 302 2146 partem
354 2061 770 2123 illustrandam
835 2073 1178 2147 comparata
1222 2060 1373 2134 sint3
1427 2060 1490 2122 in
1535 2059 1752 2146 quibus
1800 2057 2007 2121 classi-

73 2166 178 2207 cae
224 2144 296 2207 de
346 2168 398 2207 a.
449 2152 617 2208 1190
671 2145 883 2209 literae
935 2146 992 2208 b.
1045 2145 1217 2208 Petri
1273 2146 1549 2230 Quinque
1601 2142 2008 2207 Ecclesiensis

11 2281 17 2287 .
70 2229 455 2316 praecipuum
490 2228 684 2292 adhuc
731 2230 927 2293 locum
964 2229 1252 2308 obtinent,
1296 2236 1347 2309 2)
1402 2230 1746 2316 Diplomata
1795 2249 2008 2313 nempe

70 2313 300 2390 faciem,
345 2312 599 2376 historia
641 2313 964 2400 imaginem
1007 2337 1209 2385 rerum
1254 2314 1515 2391 exhibet,
1563 2336 1714 2399 quae
1761 2311 2006 2398 quibus-

71 2421 304 2484 cunque
360 2398 510 2460 artis
571 2398 732 2485 picta
787 2399 1118 2476 coloribus,
1188 2399 1306 2461 imo
1358 2423 1502 2462 vero
1559 2411 1686 2461 tum
1732 2396 2006 2471 maxime,

70 2483 185 2543 nisi
238 2484 440 2546 vultus
485 2482 644 2544 illius
707 2483 1065 2547 lineamenta
1117 2496 1566 2570 repraesentet,
1637 2482 1840 2544 sabula
1893 2492 2004 2542 est.

69 2569 165 2628 De
208 2565 303 2628 his
338 2590 446 2652 pro
485 2566 899 2637 diversissima
934 2591 1140 2631 eorum
1177 2567 1378 2653 specie
1415 2568 1715 2630 disserere
1754 2565 2005 2628 aliorum

70 2662 166 2714 est
210 2649 547 2747 negotium3
595 2651 883 2735 quasdam
928 2664 1129 2714 tamen
1173 2675 1291 2713 non
1325 2664 1449 2713 tam
1486 2649 1782 2726 monendi,
1830 2669 2005 2733 quam

67 2733 128 2796 in
164 2734 420 2797 medium
468 2735 818 2798 consulendi
852 2748 1058 2822 partes
1095 2734 1270 2798 nobis
1309 2757 1544 2821 quoque
1583 2745 2004 2820 argumentum

66 2819 404 2904 praesentis
450 2819 650 2905 operis
694 2819 959 2907 imponit.

206 3033 249 3091 1)
293 3032 364 3081 Ad
394 3033 517 3083 haec
548 3034 800 3098 pertinent
827 3035 1020 3086 Literae
1049 3035 1259 3085 Mathaei
1289 3035 1411 3085 Bani
1441 3035 1594 3085 totius
1626 3034 1752 3084 Slav.
1783 3033 1843 3082 de
1870 3046 2000 3082 anno

72 3113 231 3166 1270
278 3117 408 3180 apud
445 3117 720 3169 Kercselics
759 3120 903 3169 notit.
946 3121 1101 3185 prael.
1145 3120 1206 3169 de
1243 3120 1410 3184 regnis
1447 3119 1606 3169 Dalm.
1641 3124 1736 3167 ect.
1768 3132 1819 3180 p.
1856 3113 1998 3163 201.

67 3199 191 3249 Cod.
225 3199 335 3264 Dip.
369 3201 424 3248 V.
463 3198 515 3249 1.
548 3217 598 3265 p.
635 3199 733 3253 87.
767 3203 1034 3268 Regestum
1066 3204 1367 3269 Sigismundi
1410 3204 1559 3267 Regis
1598 3201 1726 3267 apud
1764 3199 2002 3248 Kovaosi-

66 3284 249 3346 csium;
290 3283 578 3349 Literaeque
607 3286 925 3350 Vajvodarum
957 3289 1088 3354 apud
1119 3288 1476 3353 Transylvanos
1506 3287 1692 3351 plureS,
1725 3283 1785 3332 de
1817 3282 1996 3348 quibus

68 3368 171 3418 suis
199 3368 342 3418 locis.

201 3468 248 3527 2)
292 3466 432 3531 Apud
464 3466 631 3517 Koller
661 3467 777 3518 hist.
813 3467 906 3534 Ep.
943 3469 1171 3535 Quinque
1201 3469 1338 3519 Eccl.
1374 3468 1430 3518 T.
1465 3467 1507 3518 1.
1546 3482 1596 3530 p.
1633 3460 1774 3515 293.
