2384 3886
1888 210 2012 267 307

20 326 25 329 i
105 345 482 433 significabat
523 344 1087 433 Congregationem.
1141 350 1312 410 Hanc
1349 361 1542 411 tamen
1566 352 1693 434 jam
1726 347 2012 435 principio

93 432 377 495 conditae
397 431 777 496 Monarchiae
811 431 1172 515 hungaricae
1210 457 1316 519 pro
1352 434 1618 519 generali
1647 433 1844 520 populi
1875 457 2010 497 con-

107 517 271 579 cione
317 517 414 604 qui
458 517 782 603 accipiunt,
826 516 1022 578 varias
1060 515 1119 577 hi
1164 518 1324 602 Styli
1367 519 1652 595 CurialiS‚
1701 518 2011 583 historiae-

0 588 39 694 ‘33⁶‘
105 625 218 688 que
272 603 472 688 legum
514 601 756 665 lationis
810 613 1037 664 aetates
1078 602 1455 666 confundunt.
1544 608 1761 690 Neque
1817 608 2011 667 minus

99 700 373 774 peccant,
443 687 542 773 qui
582 690 816 772 Regum
844 690 1132 763 Decreta,
1177 687 1502 773 Edictaque
1535 713 1604 751 ac
1625 689 2011 776 Privilegia4)

14 797 23 821 τ
99 775 229 836 sine
258 772 592 836 discrimine
621 796 727 858 pro
765 784 901 834 actu
937 772 1244 835 absolutae
1277 774 1589 859 potestatis
1616 773 1861 851 habent,
1910 788 2012 838 aut

99 857 628 920 Concessiones
686 861 946 943 Regum,
992 857 1179 920 forma
1215 858 1474 943 Capituli
1518 861 1652 920 Car.
1684 864 1765 921 M.
1803 865 2010 923 Vorm.

97 940 168 1006 de
212 966 262 1005 a.
304 951 459 1019 803,
508 966 655 1029 erga
686 943 1094 1030 petitionem
1138 944 1378 1031 populi
1421 956 1524 1006 aut
1559 957 1774 1029 rogatu
1813 946 2009 1042 populi

20 1054 30 1081 ε
99 1027 288 1091 factas
324 1051 544 1090 meram
577 1052 812 1116 semper
851 1028 1319 1116 interpretantur
1368 1029 1639 1115 gratiam.
1701 1030 2007 1092 Classmus

0 1140 49 1189 ‚j
96 1113 328 1199 quidem
343 1113 403 1176 in
423 1136 548 1176 rem
571 1113 904 1178 hanclocus
922 1127 1015 1177 est
1037 1116 1213 1202 Oper.
1237 1115 1465 1200 tripart.
1476 1115 1632 1200 juris
1654 1139 1814 1178 conS.
1835 1119 1926 1179 tit.
1952 1124 2007 1178 3.

26 1236 29 1239 ᾗ
95 1202 259 1262 Part.
294 1203 395 1274 11.;
458 1199 564 1262 sed
612 1199 784 1262 nohis
834 1199 1055 1287 primae
1096 1200 1506 1263 institutorum
1551 1199 2011 1285 hungaricorum

94 1285 358 1370 origines
395 1285 799 1372 explicandae,
858 1309 1081 1371 quaeve
1123 1284 1214 1347 his
1253 1285 1460 1349 deinde
1501 1285 1806 1349 crescendi
1842 1310 1909 1350 co
1953 1287 2009 1349 ia

13 1371 43 1441 ’ἢ
93 1370 251 1432 facta
273 1371 371 1447 sit,
406 1394 514 1457 per
532 1371 756 1456 gradus
788 1370 1212 1456 quodammodo
1235 1371 1680 1435 edisserendum
1710 1372 1902 1434 incum
1947 1372 2009 1435 it.

0 1504 1 1508 ,
91 1459 170 1519 Et
183 1455 253 1518 de
271 1456 684 1542 antiquissima
706 1455 936 1542 quidem
955 1457 1202 1543 Regalis
1220 1457 1467 1520 Consilii
1492 1460 1741 1534 ratione,
1765 1481 1800 1519 a
1813 1458 2009 1543 prisco

19 1557 30 1564 ’·
93 1542 544 1605 Communitatis
561 1543 848 1628 colloquio
869 1541 1027 1605 haud
1049 1541 1338 1605 modicum
1360 1542 1614 1618 diversa,
1645 1566 1768 1606 rem
1795 1547 2008 1607 Proto-

91 1651 197 1690 rex
236 1627 363 1715 ipse
395 1627 456 1690 in
484 1629 611 1690 suis
644 1627 718 1690 ad
753 1628 935 1690 filium
971 1628 1207 1691 monitis
1233 1628 1442 1715 Capite
1476 1627 1726 1715 septimo
1759 1629 2008 1716 expedit.

93 1781 149 1832 2.
183 1791 231 1833 et
267 1781 361 1839 10.
396 1799 485 1848 pro
519 1784 766 1845 Comitiis3
814 1791 904 1833 art.
945 1782 1038 1833 15.
1070 1791 1118 1834 et
1149 1782 1245 1834 20.
1268 1801 1357 1850 pro
1392 1784 1692 1834 Consiliariis
1725 1785 2001 1845 summitur,

16 1889 22 1895 ·
90 1875 236 1934 atque
267 1869 332 1918 ita
361 1869 596 1934 particula
628 1877 718 1919 art.
759 1867 852 1918 15.
897 1870 1171 1934 „absque
1216 1870 1488 1934 quolibet
1527 1869 1844 1919 consilio“
1886 1886 2007 1935 quae

95 1954 243 2004 videri
276 1955 535 2019 singularis
565 1962 753 2019 potest,
804 1955 1110 2004 dilucidatur.

221 2042 270 2101 4)
316 2039 484 2089 Simon
524 2041 583 2090 de
622 2040 746 2090 Keza
786 2040 984 2090 Edicti
1024 2041 1222 2090 nomine
1273 2040 1496 2090 Scitum
1547 2040 2008 2091 Communitatis

0 2132 2 2137 “
95 2125 319 2190 intelligit
356 2125 413 2175 L.
454 2126 492 2174 Ι.
535 2141 578 2174 c.
626 2124 681 2175 2.
736 2125 841 2191 Hoc
878 2125 995 2175 illud
1034 2141 1184 2176 sensu
1222 2123 1419 2176 adhibet
1456 2125 1599 2174 etiam
1639 2125 1812 2175 chron.
1854 2127 2006 2177 Thur.

0 2236 1 2239 ¹
92 2210 146 2260 P.
168 2210 229 2260 ΙΙ.
261 2226 304 2260 c.
331 2206 427 2261 39.
458 2211 536 2260 cui
564 2211 675 2260 alibi
713 2211 790 2274 (P.
813 2211 850 2260 Ι.
875 2227 918 2260 c.
951 2208 1073 2271 10.)
1104 2211 1180 2260 lex
1210 2212 1353 2261 etiam
1381 2211 1698 2260 Decretum
1729 2213 2008 2274 generale

0 2284 3 2287 ’
93 2296 286 2370 dicitur.
320 2296 581 2346 Decretum
606 2296 904 2361 Sigismundi
932 2296 1077 2360 Regis
1095 2297 1147 2345 V.
1168 2290 1374 2346 Ladislai
1401 2295 1567 2360 posth.
1600 2295 1661 2344 II.
1700 2295 1858 2346 Edicti
1894 2285 2007 2347 licet

0 2370 5 2428 ξ
92 2381 263 2431 vestita
304 2382 507 2431 formam
553 2382 674 2442 sint,
726 2381 1047 2444 Comitiorum
1087 2397 1196 2431 esse
1235 2382 1440 2430 Decreta
1479 2381 1526 2429 in
1567 2380 1676 2430 loco
1715 2380 2002 2433 videbimus.

0 2451 4 2469 ’
93 2466 249 2531 Leges
282 2467 667 2532 Privilegium
701 2467 890 2526 dicere,
932 2482 1031 2515 non
1062 2474 1172 2516 ante
1205 2468 1420 2516 detectas
1452 2466 1579 2515 circa
1611 2481 1655 2515 a.
1688 2463 1846 2517 1137
1879 2467 2008 2518 Pan-

0 2537 6 2583 2
93 2553 258 2602 dectas
296 2553 427 2617 apud
465 2569 555 2603 nos
588 2553 846 2614 usitatum3
889 2568 1000 2600 nam
1042 2553 1169 2617 apud
1200 2553 1447 2601 Romanos
1480 2551 1609 2613 (vide
1641 2551 1844 2601 Gellium
1876 2553 1908 2602 l.
1942 2554 2001 2603 X.

94 2654 138 2687 c.
176 2635 282 2705 20)
316 2654 459 2688 secus
491 2655 544 2688 se
581 2654 661 2687 res
700 2638 884 2687 habuit.
932 2638 1082 2702 Vulgo
1114 2653 1294 2686 nomen
1325 2636 1372 2686 id
1402 2652 1492 2701 pro
1525 2644 1721 2685 exte-rna
1752 2637 2006 2703 Diploma-

6 2760 9 2763 γ
99 2730 202 2773 tum
243 2725 396 2773 forma
434 2731 714 2788 acceptum,
759 2722 940 2771 sensim
974 2722 1223 2772 notionem
1256 2721 1629 2781 C011cessioniS‚
1673 2723 2004 2789 gratuitaeque

5 2802 6 2805 '
92 2807 387 2858 liberalitatis
406 2809 589 2868 induit,
627 2808 854 2872 deditque
875 2807 1150 2872 pervulgata
1171 2807 1334 2872 opinio
1355 2808 1474 2856 haec
1502 2806 1702 2856 arbitrio
1722 2808 1911 2870 locum,
1952 2817 2005 2860 ut

8 2882 10 2884 i
93 2894 249 2959 Reges
280 2894 463 2959 plures,
499 2894 709 2960 optimae
741 2894 799 2942 ad
832 2900 1058 2958 posteros
1091 2894 1262 2952 famae,
1295 2899 1518 2941 auctores
1537 2891 1703 2953 iidem,
1738 2893 2001 2944 subverso-

94 2994 271 3044 resque
302 2979 463 3043 legum
496 2986 661 3029 essent
694 2994 907 3027 suarum.

939 3131 979 3209 ,ς
1028 3134 1163 3191 111.

719 3298 965 3351 prorsus
1010 3287 1080 3336 ad
1126 3285 1383 3345 modum,

266 3435 381 3498 Hic
408 3428 489 3498 ita
512 3431 626 3496 sibi
657 3433 869 3511 videri,
915 3431 1021 3497 ait:
1069 3434 1374 3509 „Consilia
1404 3455 1438 3497 a
1469 3429 1859 3497 mediocribus
1887 3454 2002 3496 non

102 3542 276 3606 posse
326 3521 592 3606 componi
632 3521 808 3595 virm,
855 3519 959 3582 sed
999 3542 1029 3581 a
1075 3519 1452 3605 majoribus
1494 3532 1560 3582 et
1597 3519 2003 3583 melioribus

1551 3611 1672 3665 20³⁶
