2384 3886
389 198 472 254 32

392 357 428 396 a
484 330 734 395 Tataris
788 341 1094 416 acceptam
1156 341 1448 414 sequutae
1505 341 1673 405 sunt,
1727 328 2020 391 bonorum
2072 351 2321 417 occupa—

390 418 607 493 tiones,
653 436 1059 499 summamque
1089 412 1151 474 in
1188 414 1438 498 penuria
1483 414 1755 490 testium,
1811 436 2062 498 quorum
2135 428 2325 478 artem

390 523 671 584 magnam
713 499 911 561 clades
957 520 1059 573 ea,
1115 500 1402 582 majorem
1441 497 1567 560 fere
1611 497 1802 584 pestis
1845 497 2064 559 malum
2145 499 2325 575 ausit,

389 584 680 672 probandi
717 605 918 644 coram
948 581 1254 668 judicibus
1285 582 1539 667 legitimi
1567 582 1729 667 juris
1765 581 2101 645 molestiam
2139 583 2323 646 moni-

388 683 487 732 tos
531 669 877 754 plerosque,
923 690 1041 730 non
1072 666 1367 729 minorum
1405 679 1637 729 tantum
1671 667 2040 742 facultatum,
2085 667 2194 731 sed
2224 690 2324 729 va—

390 753 675 815 lentiores
724 774 959 836 quoque
1002 750 1262 813 Nobiles
1311 750 1748 813 solicitudinem
1791 751 1863 815 de
1901 751 2144 837 juribus
2195 751 2324 814 suis

390 837 602 911 etiam,
660 858 812 921 quae
847 859 966 898 non
995 838 1236 918 Regum
1280 835 1623 911 donatione,
1671 835 1780 898 sed
1817 859 1892 905 ex
1926 836 2117 923 prima
2152 858 2325 898 occu-

387 922 630 1008 patione
664 921 1062 1006 accepissent,
1094 918 1501 1006 Diplomatum
1530 919 1862 1004 Regiorum
1890 920 2191 1007 praesidio
2226 920 2324 982 fir-

390 1003 623 1067 mandis
665 1003 1027 1090 suscepisse.

1267 1205 1311 1282 g
1355 1210 1454 1265 30.

1043 1355 1233 1422 proba
1274 1364 1332 1406 et
1368 1357 1666 1422 improba.

565 1504 793 1589 Neque
827 1515 1026 1566 tamen
1075 1503 1171 1566 vel
1227 1514 1351 1565 tum
1401 1527 1502 1566 res
1553 1504 1960 1591 diplomatica,
2019 1506 2160 1571 licet
2202 1510 2330 1594 jam

392 1587 591 1684 paullo
639 1587 1002 1651 elaboratior
1058 1587 1486 1673 sagaciorque,
1544 1612 1618 1652 ex
1662 1590 1903 1668 naevis,
1963 1615 2115 1679 quos
2147 1616 2332 1678 supra

391 1671 818 1749 lndicavimus‚
867 1673 1127 1736 eluctata
1168 1696 1459 1735 novorum
1505 1673 1647 1758 quin
1686 1675 1804 1738 imo
1847 1677 2194 1741 accessione
2241 1678 2330 1739 in-

391 1756 693 1830 tricatior3
744 1756 1035 1841 judicium
1078 1780 1222 1820 vero
1270 1755 1342 1820 de
1392 1756 1507 1819 fide
1559 1758 1871 1822 literarum
1915 1762 2101 1824 multo
2150 1761 2330 1825 etiam

390 1841 587 1926 magis
625 1840 874 1903 arduum
918 1841 1214 1905 redditum
1252 1853 1375 1918 est,
1422 1841 1579 1927 quod
1625 1866 1699 1905 ex
1735 1845 2100 1908 necessitate
2146 1844 2329 1933 diplo-

390 1937 612 1987 matum
646 1925 814 1986 sraus
850 1925 1451 2010 quaestuosissimum
1484 1950 1634 1988 ausa
1661 1928 1851 2006 nefas,
1889 1942 1956 1992 ut
1981 1930 2141 2010 alibi,
2175 1930 2331 2018 apud

392 2032 505 2070 nos
554 2032 789 2094 quoque
839 2010 1044 2095 plures
1090 2009 1454 2072 fabricandis
1512 2011 1682 2073 salsis
1734 2013 1928 2076 literis
1982 2013 2330 2078 instituerat

394 2092 682 2155 officinas.
719 2100 766 2172 1)
811 2097 906 2155 Ex
921 2118 1033 2179 quo
1044 2093 1304 2179 judicari
1325 2107 1554 2181 potest:
1588 2097 1814 2159 nullum
1831 2097 1893 2159 in
1918 2100 2329 2163 examinandis

391 2177 698 2240 veteribus
730 2177 954 2240 chartis
1000 2179 1267 2263 rigorem
1305 2203 1844 2266 supervacaneum3
1892 2182 1966 2246 ad
2023 2185 2062 2246 fi
2114 2183 2330 2247 endum

391 2284 535 2324 vero
585 2284 830 2324 sensum
873 2285 1107 2340 eorum,
1167 2287 1345 2326 aures
1392 2265 1659 2327 eruditas
1696 2291 1928 2354 usuque
1965 2281 2025 2332 et
2067 2208 2330 2355 fongiori

393 2346 820 2410 exercitatione
867 2347 1212 2425 subactum,
1275 2347 1575 2435 hujusque
1607 2352 1853 2437 generis
1900 2353 2118 2418 studiis
2164 2354 2327 2441 peniss

390 2442 490 2491 tus
527 2430 883 2493 innutritum
914 2433 1326 2496 necessarium
1370 2457 1509 2497 esse
1545 2436 1869 2521 ingenium.

529 2616 573 2675 1)
621 2614 805 2664 Confer
842 2632 956 2666 cum
995 2617 1100 2678 his,
1156 2633 1281 2682 quae
1316 2617 1503 2668 Katona
1546 2619 1672 2670 Hist.
1717 2620 1838 2670 Crit.
1882 2620 1940 2669 T.
1982 2620 2059 2670 IV.
2104 2636 2156 2685 p.
2206 2615 2325 2672 547

391 2705 546 2748 notat.
594 2699 749 2749 Fraus
789 2700 912 2750 haec
951 2717 1014 2750 ne
1052 2701 1261 2751 Mathiae
1301 2703 1498 2767 quidem
1539 2705 1776 2754 eradicari
1807 2704 2115 2770 temporibus
2146 2706 2324 2770 potuit.

389 2782 514 2914 VidZ
549 2782 725 2914 sltylum
766 2784 940 2834 Curiae
981 2786 1087 2851 ejus
1117 2787 1249 2851 apud
1279 2787 1558 2838 Kovachich
1588 2804 1640 2838 n.
1679 2787 1753 2839 50
1788 2805 1840 2854 p.
1874 2784 2016 2839 486.
2050 2805 2188 2839 num.
2225 2787 2324 2840 62.

391 2881 441 2929 p.
521 2863 554 2915 9
607 2903 618 2915 .

1264 3008 1306 3083 ς
1351 3012 1451 3066 31.

391 3153 485 3201 Vis
526 3160 584 3202 et
627 3159 911 3217 potestas
951 3155 1105 3206 Usus
1153 3159 1356 3207 tamin
1388 3174 1452 3208 re
1484 3160 1909 3224 diplomatica,
1962 3177 2131 3228 qvam
2163 3165 2324 3214 omni

768 3241 1111 3302 praesentis
1143 3242 1411 3293 instituti
1443 3252 1610 3308 parte
1643 3253 1803 3296 tanta
1837 3254 1953 3308 est,

563 3382 909 3471 Ancipitem
956 3386 1340 3474 diplomatum
1387 3413 1629 3454 sensum
1664 3396 1832 3457 Usus
1869 3394 2319 3480 interpretatur,

391 3467 532 3550 qui,
590 3482 656 3530 ut
714 3484 876 3534 recte
930 3473 1143 3537 Cicero
1162 3523 1178 3551 ,
1235 3489 1547 3563 praecepta
1594 3478 2024 3563 magistrorum
2075 3491 2323 3565 superat
