2384 3886
2013 196 2054 250 9

122 343 291 396 textu
347 330 544 416 signis
608 328 905 414 aliquibus
968 333 1016 406 1)
1073 350 1181 390 seu
1234 340 1405 392 extra
1465 327 1626 390 hunc
1686 351 2053 415 quacumque

121 415 413 478 indicaret
457 427 614 478 nota.
668 411 839 488 Quod
876 410 1111 496 quidem
1157 412 1211 474 si
1254 412 1500 475 fecisset
1543 435 1663 474 non
1708 412 1820 474 viri
1862 415 2053 476 solum

122 523 158 562 a
202 499 395 562 literis
443 496 741 570 instructi,
789 494 893 558 sed
941 494 1154 557 harum
1200 495 1377 558 etiam
1422 521 1541 559 non
1585 496 1823 582 penitus
1869 498 2052 561 rudes

124 583 558 658 advertissent,
635 580 991 666 scriptorem
1036 580 1288 656 codiciS,
1351 592 1419 641 ut
1461 581 1522 641 in
1567 581 1756 666 prima
1800 582 1926 644 folii
1968 582 2052 643 sa-

123 668 211 730 cie
246 666 330 729 ita
370 666 466 728 hic
506 686 740 750 quoque
776 687 811 725 a
849 663 1128 739 vocibus,
1187 662 1549 726 Praedictus
1586 666 1916 750 Magister,
1968 667 2053 729 lo-

122 774 254 821 cum
290 748 607 834 reliquisse
643 756 925 824 vacuum,
971 761 1039 811 ut
1073 747 1208 809 huic
1243 748 1492 834 pictoris
1530 771 1707 811 manu
1744 763 1803 813 et
1837 773 2050 813 nomen

120 834 379 898 auctoris
411 845 471 895 et
501 831 728 917 gradus
759 831 1032 909 honoriS,
1080 855 1253 918 quem
1281 833 1381 894 ille
1422 832 1633 895 deinde
1677 834 1737 894 in
1783 839 2053 918 Hyerar-

119 918 250 980 chia
303 916 636 1003 hungarica
693 916 1049 979 altissimum
1121 914 1427 992 ascendit,
1489 917 1848 995 inferretur,
1920 942 2052 980 cum

117 1025 232 1088 quo
310 1025 376 1064 er
409 1001 736 1088 particulas
782 1025 893 1079 „ac
929 1000 1265 1086 quondam“
1314 1024 1447 1063 cum
1485 1024 1654 1078 cura,
1703 1015 1763 1065 et
1800 1026 2054 1088 prorsus

155 1086 191 1149 d
243 1024 419 1149 Iidem
470 1086 761 1148 historiae
816 1086 1081 1149 delectas
1128 1098 1370 1170 gestum
1411 1086 1548 1148 olim
1592 1110 1700 1173 per
1745 1111 1879 1150 eum
1921 1090 2053 1150 No-

116 1169 255 1233 tarii
295 1193 510 1232 munus
545 1170 697 1233 bene
741 1171 977 1233 omnino
1012 1170 1403 1255 congruebat.
1439 1169 1557 1232 Hic
1594 1171 1841 1235 editoris
1877 1172 2053 1258 primi

116 1254 414 1332 oscitatio,
470 1267 530 1317 et
575 1254 732 1339 quod
775 1254 1054 1316 familiam
1102 1254 1289 1331 ducit,
1346 1254 1641 1317 eruditum
1686 1257 1944 1333 Kollari,
1991 1257 2054 1318 in

117 1339 456 1424 effingenda
513 1339 672 1424 sigla
715 1341 785 1399 P.
833 1338 1145 1400 arbitrium
1198 1338 1512 1401 constituit
1565 1340 1787 1402 fontem
1841 1341 2051 1418 litium,

116 1423 332 1509 quihus
380 1424 451 1486 de
495 1447 680 1486 sensu
726 1422 1047 1507 ingressus
1092 1422 1268 1509 hujus
1316 1436 1639 1510 pugnatur.
1684 1427 1894 1510 Atque
1938 1425 2053 1488 hoc

115 1508 205 1570 sic
241 1507 475 1571 detecto
498 1555 513 1584 ,
578 1506 884 1592 ecquidem
920 1531 1036 1570 non
1075 1507 1309 1570 literam
1346 1510 1416 1568 P.
1455 1521 1559 1570 aut
1597 1532 1729 1570 cum
1766 1533 1884 1572 non
1921 1511 2052 1572 nul-

114 1591 190 1653 lis
234 1595 303 1654 Β.
360 1592 420 1653 in
477 1591 713 1654 nomine
771 1592 1035 1655 auctoris
1094 1615 1382 1677 quaerere
1412 1591 1473 1653 in
1519 1592 1775 1655 animum
1821 1593 2050 1672 induxi,

115 1676 222 1740 sed
268 1700 402 1739 eum
444 1676 638 1763 ipsum
685 1676 745 1738 in
791 1700 971 1763 opere
1017 1676 1370 1763 officinaque
1415 1700 1527 1739 sua
1572 1678 1907 1742 convenire.

252 1921 294 1980 1)
340 1919 562 1984 Exempli
595 1935 766 1970 causa:
815 1920 1102 1971 Praedictus
1139 1923 1373 1987 Magister
1423 1958 1953 1971 ..........
1991 1938 2048 1971 ac

112 2004 359 2068 quondam
410 2004 570 2053 bonae
625 2005 892 2053 memoriae
941 2012 1037 2055 cet.
1098 2007 1285 2056 Indicio
1334 2006 1619 2071 hujusmodi
1674 2006 2046 2071 praetermisso,

110 2088 366 2137 meliorem
397 2089 470 2138 vir
499 2089 716 2153 optimus
748 2090 877 2154 apud
907 2090 1121 2141 lectores
1151 2091 1363 2141 initurus
1395 2100 1499 2140 erat
1522 2092 1746 2156 gratiam,
1787 2091 1828 2140 si
1861 2097 2045 2140 textum

109 2172 322 2233 codiciS‚
371 2173 442 2222 uti
473 2180 573 2234 est,
640 2174 886 2238 integrum
917 2175 1256 2243 illibatumque
1287 2177 1509 2236 edendO,
1575 2176 1634 2226 de
1676 2192 1826 2227 sensu
1859 2175 2044 2225 salvum

110 2257 286 2322 cuique
318 2273 428 2309 esse
453 2257 693 2323 judicium
728 2274 873 2308 suum
904 2260 1158 2310 voluisset.
1248 2301 1254 2308 .

1006 2544 1149 2619 §a

484 2721 620 2756 vera
651 2722 784 2756 esse
817 2708 1113 2772 probatur
1144 2724 1213 2757 ex
1259 2708 1451 2773 Opere
1497 2710 1656 2773 ipso,

276 2871 408 2943 Quo
445 2868 624 2946 facto,
670 2868 783 2932 hoc
847 2883 1254 2956 consequutus
1303 2895 1464 2948 sum,
1537 2883 1604 2933 ut
1649 2893 1836 2933 meam
1881 2871 2040 2932 illam

106 2951 178 3013 de
211 2952 471 3015 Notario
513 2952 628 3016 hoc
659 2955 843 3018 Belae
870 2959 981 3018 lv.
1016 2955 1240 3041 juniori
1272 2956 1426 3041 Regi
1467 2955 1861 3018 adscribendo
1902 2978 2037 3017 sen-

103 3034 351 3097 tentiam
413 3050 472 3099 et
515 3039 780 3102 rationes
836 3052 1120 3103 tueantur
1163 3044 1289 3126 jam
1351 3054 1526 3103 antea
1582 3065 1690 3127 per
1748 3043 2035 3123 Prayum‚

103 3119 638 3207 Cornidesiumque
700 3124 942 3201 allatae,
1013 3137 1074 3187 et
1130 3149 1274 3188 vero
1330 3125 1566 3212 plurimi
1621 3145 2038 3211 propugnacu-

102 3203 292 3266 lorum
352 3204 545 3267 instar
608 3207 926 3271 defendant
982 3210 1097 3272 loci
1154 3210 1383 3296 operis,
1444 3234 1594 3296 quos
1648 3210 1732 3270 illi
1796 3208 1868 3269 ad
1922 3206 2039 3268 alia

101 3287 457 3351 festinantes
514 3302 617 3352 aut
667 3291 906 3376 penitus
953 3293 1192 3357 silentio
1245 3293 1643 3380 praetervecti
1699 3304 1872 3368 sunt,
1935 3303 2038 3353 aut

100 3370 294 3436 obiter
334 3385 567 3437 tantum
612 3386 673 3437 et
716 3374 777 3436 in
821 3388 1180 3441 transcursu
1225 3379 1568 3463 attigerunt.
